3114 5002
769 341 809 407 98

253 508 418 572 accedunt:
441 508 497 586 Vl,
519 509 561 572 34
584 511 639 590 §9
662 509 870 594 (παραστῆναι
888 513 991 596 παντί)
1016 512 1051 574 τδ
1067 511 1158 594 δ’ἤδη
1180 513 1236 587 τὰς
1249 514 1329 593 μετὰ

253 608 355 693 φόβου
378 611 572 694 παρασκευὰς
595 609 831 695 ἀσφαλεστάτας
854 617 1039 694 νομίσαντας
1061 613 1102 689 ὡς
1125 613 1171 677 ἐπὶ
1192 617 1330 678 κίνδυνον

254 712 400 796 πράσσειν
417 711 658 797 χρησιμώτατον
682 711 719 775 δν
742 717 903 796 ξυμβῆναι.
941 717 996 796 IV,
1021 717 1059 782 73
1081 719 1144 798 §2

253 905 337 984 §oo
381 902 657 968 Accusativus
686 925 769 968 oum
793 904 1015 968 infinitivo
1039 928 1125 970 oum
1147 906 1329 971 articulo

403 1007 646 1070 coniunctus
668 1005 850 1070 subiecti
872 1007 984 1072 vices
1007 1009 1176 1073 obtinet

342 1125 413 1190 Duo
436 1125 635 1188 inveniuntur
658 1125 801 1208 exempla
815 1126 908 1190 huius
924 1127 1149 1210 complexionis
1164 1149 1238 1191 sene
1257 1149 1331 1191 con·

252 1233 354 1292 tortae
383 1227 406 1305 I,
432 1229 492 1290 124
522 1229 574 1308 §l
605 1226 685 1309 εἴπερ
713 1225 920 1305 βεβαιότατον
947 1227 982 1289 τὸ
1010 1227 1108 1290 taisel
1138 1229 1330 1313 ξιιμρίροντα

254 1334 304 1392 καὶ
330 1329 432 1392 πόλεσι
454 1331 504 1390 καί
529 1327 652 1402 ι’δοίταις
667 1325 741 1390 εἶναι
766 1336 799 1394 et
813 1329 884 1408 Vll,
901 1331 941 1394 68
965 1331 1016 1412 §3
1039 1331 1074 1394 τὸ
1090 1332 1122 1392 δὲ
1138 1329 1333 1416 (πραξάντων

254 1436 285 1495 εἰι
315 1437 371 1494 τοῦ
400 1430 515 1504 εἰκότος
538 1431 559 1492 δι’
580 1430 775 1516 βουλόμεθα)
800 1430 903 1505 τοδςδε
934 1455 964 1494 τε
994 1438 1188 1516 κολασθῆναι
1216 1437 1272 1517 καὶ
1289 1441 1331 1516 τῇ

256 1535 339 1619 παίσῃ
371 1535 492 1619 Σικελίᾳ
523 1535 717 1617 καρπουμένῃ
751 1537 800 1596 καὶ
832 1537 901 1617 πρὶν
927 1536 1102 1620 ἐλευθερίαν
1130 1535 1332 1620 βεβαιοτέραν

257 1640 448 1723 παραδοῦναι
473 1639 548 1722 (scil.
571 1635 677 1721 ἡμᾶς),
700 1637 792 1710 καλὰς
815 1634 863 1720 iil)
888 1636 978 1718 ἀγοίν.

253 1827 345 1914 §lo
391 1826 645 1890 Infinitivus
676 1849 761 1890 oum
782 1826 962 1890 articulo
984 1830 1046 1890 est
1067 1829 1330 1892 accusativus

668 1929 912 1994 absolutus*

343 2050 378 2115 Si
400 2049 596 2114 accusativus
612 2050 755 2113 absolute
777 2053 825 2112 est
842 2049 972 2132 positus,
995 2049 1086 2133 origo
1101 2049 1194 2112 huius
1209 2047 1331 2112 dicendi

258 2154 383 2240 generis
405 2175 443 2216 ex
463 2173 519 2216 usu
541 2151 708 2216 accusativi
732 2173 825 2235 quem
845 2151 952 2216 dicunt
966 2147 1077 2215 Graeci
1092 2152 1261 2235 repetenda
1276 2155 1331 2216 est.

341 2256 431 2321 Nihil
465 2254 624 2340 singulare
654 2254 773 2318 habent
802 2255 875 2319 illae
905 2253 1149 2337 complexiones,
1186 2275 1266 2337 quoe
1294 2255 1328 2318 in

255 2360 408 2424 formulas
439 2380 538 2441 paene
567 2357 773 2435 transienmt,
803 2356 856 2435 IV,
879 2359 920 2420 28
942 2357 994 2435 §1
1024 2355 1060 2417 τὸ
1081 2357 1129 2417 ἐπὶ
1150 2362 1231 2440 σφοῖς
1252 2351 1327 2417 εἶναι

257 2467 289 2526 et
309 2460 397 2538 VIII,
419 2460 460 2522 48
483 2458 537 2541 §6
560 2458 596 2520 τὸ
617 2459 674 2538 μὲν
696 2457 738 2520 ἐπ’
765 2460 885 2532 ίιιείνοις
907 2454 991 2521 εἶναι.

342 2563 416 2628 Alia
444 2562 526 2626 ratio
560 2585 597 2626 eo
629 2567 690 2639 est,
725 2566 761 2626 ut
791 2562 925 2646 scriptor
956 2563 1144 2627 infinitivum
1173 2563 1206 2626 in
1238 2563 1329 2626 initio

258 2667 412 2734 enuntiati
440 2669 551 2750 ponet,
581 2665 636 2749 qui
656 2665 785 2742 indicet,
812 2687 907 2748 quem
933 2666 966 2730 in
986 2666 1147 2730 notionem
1168 2665 1330 2749 sequentia

258 2771 402 2855 intellegi
431 2769 514 2833 velit.
565 2767 617 2832 Sic
648 2767 784 2852 legimus
815 2768 854 2846 ΙΙ,
877 2770 918 2831 40
948 2774 966 2850 ξ
991 2770 1006 2831 1
1038 2769 1087 2829 καὶ
1117 2768 1154 2830 τὸ
1183 2768 1330 2830 πίνεσθαι

261 2873 315 2955 οὐχ
338 2871 496 2952 ὁμολογεῖν
517 2895 575 2932 τινι
599 2869 731 2953 αἰσχρόν,
760 2869 838 2931 ἄλλα
860 2869 905 2952 μὴ
927 2867 1096 2954 διαφεύγειν
1117 2869 1192 2955 ἔργῳ
1215 2870 1332 2952 αἴσχιον

258 2978 356 3061 (,und
378 2998 442 3040 was
466 2975 515 3039 die
535 2973 650 3038 Armut
664 2973 806 3057 betrifft).
851 2973 904 3052 VI,
923 2973 962 3038 14
985 2975 1121 3052 νομίσας,
1145 2973 1168 3036 εἰ
1191 2973 1330 3058 ὀρρωδεΐς

257 3081 293 3143 τὸ
317 3077 532 3160 ἀναυιηφίσαι,
563 3076 598 3138 τὸ
620 3076 678 3155 μὲν
699 3073 779 3138 λύειν
800 3076 871 3149 τοδς
893 3074 1004 3155 νόμους
1025 3076 1070 3158 μὴ
1092 3077 1171 3156 μετὰ
1200 3075 1326 3139 τοσῶνδ’

258 3182 296 3244 δν
325 3179 491 3264 μαρτύριον
521 3180 622 3240 αἰτίαν
652 3188 739 3259 σχεῖν.
785 3179 882 3244 Recte
905 3180 1070 3245 Classenus
1093 3183 1237 3260 adnotat,
1266 3203 1329 3245 non

260 3286 450 3352 infinitivum
472 3281 552 3345 λύειν
575 3283 614 3347 ad
636 3284 737 3344 αἰτίαν
759 3292 839 3363 σχεῖν
860 3283 1034 3348 subiectum
1057 3305 1124 3348 esse
1145 3306 1246 3368 posse,
1275 3285 1330 3348 scd

256 3411 430 3476 pronomen
451 3383 498 3448 οδ.

343 3491 503 3556 Interdum
519 3489 615 3554 verba
630 3491 718 3554 finita
732 3489 920 3554 infinitivum
935 3509 1045 3574 regere
1066 3493 1207 3573 possunt,
1228 3490 1273 3554 ito
1294 3495 1330 3554 ut

258 3595 390 3660 articulo
403 3593 438 3655 τδ
449 3593 530 3656 nihil
540 3593 600 3656 nisi
612 3593 762 3656 transitus
774 3593 814 3656 ad
825 3591 1013 3656 infinitivum
1024 3593 1092 3658 fieri
1103 3595 1253 3658 videatur.
1269 3593 1329 3676 (De

257 3702 318 3764 hoc
329 3721 388 3763 usu
399 3698 482 3762 inira
495 3696 616 3780 dicem.)
639 3695 701 3760 Sed
712 3695 814 3760 hocin
826 3696 1074 3761 conformatione
1088 3697 1216 3780 linguae
1230 3696 1330 3760 maior

257 3804 305 3867 vis
320 3801 474 3865 infinitivo
486 3800 643 3876 tribuitur,
660 3821 739 3882 queo
752 3805 885 3885 augetur
900 3799 1056 3883 positione
1071 3800 1218 3863 infinitivi
1229 3805 1284 3864 aut
1296 3801 1330 3864 in

257 3905 349 3970 initio
381 3907 435 3968 sut
463 3903 496 3967 in
526 3903 587 3966 fine
618 3903 848 3968 enuntiationis.
892 3902 942 3968 Sic
968 3903 1119 3988 legimus:
1150 3901 1189 3980 ll,
1213 3904 1253 3967 53
1276 3903 1329 3982 §3

258 4011 307 4070 καὶ
338 4007 373 4070 τδ
402 4005 459 4086 μὲν
487 4009 765 4090 προςταλαιπιιιρεῖν
794 4009 839 4090 τῷ
867 4003 986 4076 δόξαντι
1017 4010 1101 4090 καλῷ
1128 4002 1223 4078 οὐδεὶς
1252 4002 1329 4089 πρό-

349 4229 374 4300 1)
391 4228 431 4280 Dc
450 4226 563 4281 articulo
582 4225 597 4278 ὁ
616 4227 663 4280 cfr.
682 4227 857 4296 Kruegerum.
