3114 5002
728 332 768 396 97

218 504 325 568 didem
348 504 411 567 duo
435 502 585 586 exempla,
608 502 663 566 ubi
684 503 769 566 solus
790 501 962 566 infinitivus
984 503 1117 566 subiecti
1138 503 1221 567 vices
1236 503 1292 566 ob·

215 607 296 670 tinet
321 610 352 670 et
367 605 582 690 praedicatum
603 605 691 669 verbi
713 605 794 669 finiti
818 605 986 668 assumit*:
1018 603 1073 682 ΠΙ,
1088 606 1129 668 38
1150 603 1169 690 ξ
1187 608 1212 669 1.
1235 605 1290 685 ΠΙ,

218 709 258 772 39
284 709 337 790 §3
361 707 426 790 (cfr.
450 707 526 790 52).

306 811 409 874 Multo
452 815 556 874 autem
595 809 720 892 saepius
753 808 926 873 infinitivus
958 811 1090 874 articulo
1124 811 1230 875 addito
1263 812 1295 876 in

221 913 357 978 formam
375 912 564 977 substantivi
577 911 739 996 redigitur.
777 910 976 994 Thucydides
992 913 1127 977 libenter
1142 913 1296 978 actionem

222 1015 379 1079 infinitivo
403 1037 584 1098 expressam
606 1014 676 1078 aliis
698 1013 920 1078 enuntiationis
939 1016 1096 1093 membris,
1120 1039 1200 1100 quae
1213 1017 1295 1081 inter

217 1119 383 1184 articulum
422 1123 453 1182 et
488 1117 676 1182 infinitivum
706 1117 899 1195 inseruntur,
934 1119 1107 1182 accuratius
1138 1120 1293 1184 describit.

218 1219 292 1285 Non
316 1244 394 1304 opus
418 1225 465 1285 est
487 1242 743 1298 commemorare,
778 1219 990 1284 additamenta
1011 1222 1237 1304 praedicativa,
1267 1223 1294 1286 si

218 1323 393 1387 subiectum
418 1327 465 1388 est
490 1322 644 1408 generale,
672 1323 849 1387 accusativo
872 1322 927 1400 uti,
957 1343 1050 1405 quem
1072 1343 1177 1388 casum
1201 1325 1296 1390 etiam

216 1430 285 1489 turn
312 1425 497 1508 plerumque
526 1426 677 1504 retinent,
706 1447 777 1490 cum
804 1425 843 1488 ad
873 1424 1013 1488 dativum
1040 1425 1103 1489 sint
1124 1425 1295 1492 referenda.

219 1527 375 1610 Exempla
396 1533 533 1592 exstant:
555 1528 578 1605 Ι,
595 1531 614 1592 5
632 1527 683 1612 §3
705 1527 741 1590 τό
762 1551 792 1588 τε
813 1527 1086 1610 σιδηροφορεῖοθαι
1102 1527 1295 1609 ἓμμεμίνηκε,

222 1629 260 1707 Π,
285 1632 325 1708 35
347 1628 409 1714 82.
438 1630 477 1708 ΙΙ,
500 1631 542 1693 44
566 1631 629 1710 §4
662 1630 701 1708 ΙΙ,
724 1631 764 1694 87
787 1629 849 1714 §3.
883 1627 1082 1714 111,58§2.
1113 1629 1167 1708 HI,
1183 1631 1296 1714 82§4.

221 1732 277 1811 ΙΙΙ,
302 1735 342 1797 83
365 1734 428 1816 §l
462 1733 516 1811 ΠΙ,
540 1733 581 1796 84
604 1734 665 1815 §2
698 1733 737 1812 V,
761 1734 829 1796 102.
857 1731 1060 1812 V1,12§1.
1093 1733 1148 1812 VI,
1171 1734 1211 1797 37
1235 1736 1297 1814 §L

223 1834 276 1914 Vl,
301 1836 341 1899 89
364 1833 426 1920 §b
461 1835 531 1914 VII,
555 1837 594 1898 14
616 1834 678 1920 §a
711 1831 931 1918 V11,27§2.
973 1834 1044 1914 VII,
1066 1836 1107 1900 64
1130 1836 1191 1918 §L
1230 1835 1297 1916 VII,

225 1939 263 2001 81
296 1939 366 2020 §b
417 1939 670 2003 Praedicata
699 1941 864 2003 accedunt:
904 1936 928 2015 I,
951 1938 992 2000 42
1022 1939 1083 2018 §4
1114 1937 1149 1999 τὸ
1172 1937 1297 2022 γὰρμὴ
1338 2015 1339 2019 ¹

225 2038 338 2102 ἀδικεῖν
360 2040 430 2114 τοὺς
453 2038 576 2120 ὁμοίους
598 2039 766 2125 ἔχνρωτίρο
788 2038 916 2118 δύναμις
939 2037 958 2121 ἢ
981 2045 1025 2124 τῷ
1045 2038 1154 2102 αὐτίκα
1176 2046 1298 2124 φανερῷ

225 2142 416 2226 ἐπαρθέντας
438 2143 488 2204 drot
511 2125 657 2210 κινδύνων
686 2142 721 2206 τὸ
744 2142 834 2204 πλίον
856 2140 938 2223 ligent.
974 2144 998 2222 Ι,
1024 2146 1084 2209 142
1107 2144 1170 2226 §b
1201 2143 1241 2224 H,
1256 2145 1297 2209 64

224 2244 287 2331 §4
319 2245 389 2324 VII,
411 2248 453 2310 62
477 2245 538 2328 §4

309 2349 357 2413 De
394 2373 456 2414 uno
493 2351 563 2414 loco
600 2351 743 2414 homines
778 2350 862 2414 docti
890 2349 1089 2415 dissentiunt:
1129 2349 1208 2429 V,9
1237 2347 1296 2436 §2

225 2451 354 2534 plurimi
385 2456 479 2536 atque
508 2454 620 2537 optimi
650 2454 771 2518 codices
801 2453 846 2516 ita
875 2453 1028 2518 scribunt:
1061 2454 1113 2514 Ινα
1134 2453 1179 2535 μὴ
1201 2459 1247 2538 τῷ
1268 2477 1298 2516 τε

225 2551 289 2614 κατ’
324 2552 424 2634 ὀλίγον
455 2556 504 2615 καί
534 2555 579 2636 μὴ
610 2553 749 2629 ἅπαντας
783 2554 962 2618 κινδυνεύειν
992 2557 1087 2630 ἐνδεὲς
1115 2555 1299 2640 φαινόμενον

226 2655 378 2736 ἀτολμίαν
410 2657 562 2741 παράσχῃ.
616 2659 687 2724 Ηοο
719 2660 746 2723 si
782 2659 967 2738 retinemus,
1004 2661 1179 2725 subiectum
1212 2661 1301 2724 verbi

226 2759 368 2842 παράσχῃ
392 2763 485 2852 deest.

313 2861 414 2938 Quare
450 2865 627 2942 Bekkerus,
659 2865 855 2945 Kruegerns,
885 2862 996 2947 Puppe
1026 2865 1175 2929 traditam
1203 2866 1298 2950 scrip·

227 2971 332 3030 turam
360 2972 562 3032 mutaverunt
590 2969 623 3031 in
641 2969 693 3027 ἵνα
712 2964 757 3046 μὴ
781 2963 818 3026 τό
840 2987 880 3025 τε.
926 2965 1090 3032 Classenus
1117 2967 1247 3033 offendit
1268 2970 1301 3034 in

228 3090 280 3146 eo,
313 3072 399 3153 quod
422 3070 502 3134 duae
524 3070 668 3135 notiones
695 3070 777 3134 inter
799 3091 832 3132 se
854 3068 947 3152 plane
969 3070 1197 3135 consentientes
1220 3070 1297 3154 (κατ’

231 3168 359 3252 ὀλίγον-
366 3172 411 3253 μὴ
436 3170 587 3255 ἅπαντας)
614 3173 830 3256 complexione
852 3173 966 3232 rr-xut
989 3173 1144 3238 artissime
1167 3175 1248 3238 inter
1270 3198 1303 3239 se

231 3274 472 3359 coniunguntur,
502 3281 533 3340 et
555 3277 673 3354 scribit,
695 3277 732 3340 de
761 3297 822 3360 quo
845 3276 908 3339 iarn
930 3275 1040 3360 Poppo
1062 3277 1232 3361 cogitabat,
1251 3278 1302 3337 ‘lua

227 3375 273 3456 μή
297 3401 340 3460 τῳ
366 3378 401 3440 τὸ
424 3378 488 3440 κατ’
518 3377 618 3459 ὀλίγον
641 3385 672 3442 et
695 3401 774 3462 quae
797 3402 881 3463 sequ.
925 3378 995 3443 Hoc
1017 3379 1128 3443 vitium
1148 3379 1304 3444 scribendi

228 3479 379 3544 facillime
394 3486 519 3564 poterat
534 3482 673 3546 admitti:
687 3483 833 3546 librarius
848 3482 929 3546 inter
942 3504 976 3546 se
986 3482 1120 3546 mutavit
1131 3505 1304 3565 pronomen

231 3581 427 3648 indefinitum
452 3608 494 3667 τῳ
517 3585 649 3650 articulo
673 3589 717 3667 τῷ
736 3590 767 3648 et
787 3607 845 3668 pro
867 3583 902 3646 τὸ
923 3585 1108 3668 particulam
1126 3608 1156 3646 τε
1171 3586 1302 3668 scripsit.

226 3683 335 3748 Etiam
366 3685 400 3749 in
430 3687 488 3765 eis,
520 3711 600 3773 quae
623 3687 788 3752 Classenus
811 3688 887 3752 dicit
908 3688 946 3751 de
967 3709 1048 3752 nexu
1071 3689 1303 3768 sententiarum,

225 3787 315 3851 valde
339 3811 389 3852 me
410 3790 508 3856 babet
531 3792 785 3856 consentientem.

255 3910 338 3988 ἐ68.
368 3908 624 3975 Infinitivus
647 3931 732 3976 cum
755 3910 937 3974 articulo
960 3911 1190 3977 subiectum
1213 3921 1277 3978 est

462 4014 690 4078 accusativi
712 4036 796 4077 cum
817 4013 1064 4080 infinitivo*

311 4129 474 4196 Habemus
497 4134 598 4198 solum
620 4133 810 4197 infinitivum
838 4132 894 4213 ΙΙΙ,
919 4136 957 4198 12
981 4137 1036 4214 §3
1058 4132 1105 4219 ἐφ’
1132 4132 1205 4215 ἡμῖν
1228 4129 1303 4196 εἶναι

226 4232 325 4296 δεῖτὸ
348 4233 600 4320 προαμύνασθαι.
647 4235 701 4315 VI,
726 4235 774 4300 14.
803 4235 857 4317 VI,
880 4239 921 4301 34
945 4241 1007 4320 §a
1047 4238 1305 4304 Praedicare

1136 4340 1151 4398 7
