<?xml version="1.0" encoding="UTF-8"?>
<!DOCTYPE html PUBLIC "-//W3C//DTD XHTML 1.0 Transitional//EN"
    "http://www.w3.org/TR/xhtml1/DTD/xhtml1-transitional.dtd">
<html xmlns="http://www.w3.org/1999/xhtml" xml:lang="en" lang="en">
 <head>
  <title>
</title>
<meta http-equiv="Content-Type" content="text/html;charset=utf-8" />
  <meta name='ocr-system' content='tesseract 3.04.00' />
  <meta name='ocr-capabilities' content='ocr_page ocr_carea ocr_par ocr_line ocrx_word'/>
</head>
<body>
  <div class='ocr_page' id='page_1' title='image "./deinfinitiviusu00michgoog_0029.png"; bbox 0 0 3108 5006; ppageno 0'>
   <div class='ocr_carea' id='block_1_1' title="bbox 812 409 854 471">
    <p class='ocr_par' dir='ltr' id='par_1_1' title="bbox 812 409 854 471">
     <span class='ocr_line' id='line_1_1' title="bbox 812 409 854 471; baseline 0 0"><span class='ocrx_word' id='word_1_1' title='bbox 812 409 854 471; x_wconf 85' lang='lat'>20</span> 
     </span>
    </p>
   </div>
   <div class='ocr_carea' id='block_1_2' title="bbox 298 576 1371 766">
    <p class='ocr_par' dir='ltr' id='par_1_2' title="bbox 298 576 1371 766">
     <span class='ocr_line' id='line_1_2' title="bbox 298 576 1371 662; baseline 0.004 -22"><span class='ocrx_word' id='word_1_2' title='bbox 298 577 381 642; x_wconf 90' lang='lat' dir='ltr'>dices</span> <span class='ocrx_word' id='word_1_3' title='bbox 410 578 488 641; x_wconf 84' lang='lat' dir='ltr'>haec</span> <span class='ocrx_word' id='word_1_4' title='bbox 518 576 682 642; x_wconf 77' lang='lat' dir='ltr'>exhibent:</span> <span class='ocrx_word' id='word_1_5' title='bbox 713 578 798 661; x_wconf 80' lang='grc' dir='ltr'><strong><em>σφίσι</em></strong></span> <span class='ocrx_word' id='word_1_6' title='bbox 829 578 860 639; x_wconf 74' lang='grc' dir='ltr'><strong><em>δέ</em></strong></span> <span class='ocrx_word' id='word_1_7' title='bbox 889 583 945 640; x_wconf 83' lang='grc' dir='ltr'>τοῦ</span> <span class='ocrx_word' id='word_1_8' title='bbox 974 580 1088 660; x_wconf 78' lang='grc' dir='ltr'><strong><em>τείχους</em></strong></span> <span class='ocrx_word' id='word_1_9' title='bbox 1120 579 1217 662; x_wconf 77' lang='grc' dir='ltr'><strong><em>ταύτῃ</em></strong></span> <span class='ocrx_word' id='word_1_10' title='bbox 1240 579 1371 644; x_wconf 82' lang='grc' dir='ltr'><strong><em>ἀσθενε-</em></strong></span> 
     </span>
     <span class='ocr_line' id='line_1_3' title="bbox 298 677 1336 766; baseline 0.005 -27"><span class='ocrx_word' id='word_1_11' title='bbox 298 677 414 742; x_wconf 80' lang='grc' dir='ltr'><strong><em>στάτου</em></strong></span> <span class='ocrx_word' id='word_1_12' title='bbox 437 677 523 752; x_wconf 76' lang='grc' dir='ltr'><strong><em>ὄντος</em></strong></span> <span class='ocrx_word' id='word_1_13' title='bbox 545 677 779 743; x_wconf 71' lang='grc' dir='ltr'><strong><em>ἐπισπάσασθαι</em></strong></span> <span class='ocrx_word' id='word_1_14' title='bbox 804 679 915 755; x_wconf 76' lang='grc' dir='ltr'><strong><em>αὐτοὺς</em></strong></span> <span class='ocrx_word' id='word_1_15' title='bbox 938 679 1038 763; x_wconf 69' lang='grc' dir='ltr'><strong><em>ἡγεῖτο</em></strong></span> <span class='ocrx_word' id='word_1_16' title='bbox 1063 681 1336 766; x_wconf 81' lang='grc' dir='ltr'><strong><em>προθυμήσεσθαι.</em></strong></span> 
     </span>
    </p>
   </div>
   <div class='ocr_carea' id='block_1_3' title="bbox 233 800 1371 1996">
    <p class='ocr_par' dir='ltr' id='par_1_3' title="bbox 233 800 1371 1996">
     <span class='ocr_line' id='line_1_4' title="bbox 382 800 1369 888; baseline 0.005 -25"><span class='ocrx_word' id='word_1_17' title='bbox 382 800 547 864; x_wconf 78' lang='lat' dir='ltr'>Classenus</span> <span class='ocrx_word' id='word_1_18' title='bbox 577 805 706 884; x_wconf 86' lang='lat' dir='ltr'>propter</span> <span class='ocrx_word' id='word_1_19' title='bbox 727 803 938 886; x_wconf 87' lang='lat' dir='ltr'>propinquam</span> <span class='ocrx_word' id='word_1_20' title='bbox 964 804 1103 886; x_wconf 82' lang='lat' dir='ltr'>genetivi</span> <span class='ocrx_word' id='word_1_21' title='bbox 1125 804 1263 869; x_wconf 88' lang='lat' dir='ltr'>absoluti</span> <span class='ocrx_word' id='word_1_22' title='bbox 1285 805 1369 888; x_wconf 91' lang='lat' dir='ltr'>posi·</span> 
     </span>
     <span class='ocr_line' id='line_1_5' title="bbox 233 903 1368 982; baseline 0.004 -14"><span class='ocrx_word' id='word_1_23' title='bbox 233 947 234 952; x_wconf 22' lang='grc' dir='ltr'><strong><em>κ</em></strong></span> <span class='ocrx_word' id='word_1_24' title='bbox 296 905 415 968; x_wconf 89' lang='lat' dir='ltr'>tionem</span> <span class='ocrx_word' id='word_1_25' title='bbox 436 908 520 968; x_wconf 90' lang='lat' dir='ltr'>recte</span> <span class='ocrx_word' id='word_1_26' title='bbox 542 910 638 982; x_wconf 82' lang='grc' dir='ltr'><strong><em>τεῦχος</em></strong></span> <span class='ocrx_word' id='word_1_27' title='bbox 658 904 832 968; x_wconf 89' lang='lat' dir='ltr'>subiectum</span> <span class='ocrx_word' id='word_1_28' title='bbox 856 906 894 969; x_wconf 89' lang='lat' dir='ltr'>ad</span> <span class='ocrx_word' id='word_1_29' title='bbox 917 903 1152 968; x_wconf 69' lang='grc' dir='ltr'><strong><em>ἐπισπάσασθαι</em></strong></span> <span class='ocrx_word' id='word_1_30' title='bbox 1176 907 1368 972; x_wconf 76' lang='lat' dir='ltr'><strong>intellexisse</strong></span> 
     </span>
     <span class='ocr_line' id='line_1_6' title="bbox 296 1005 1370 1083; baseline 0.005 -14"><span class='ocrx_word' id='word_1_31' title='bbox 296 1005 358 1070; x_wconf 89' lang='lat' dir='ltr'>sibi</span> <span class='ocrx_word' id='word_1_32' title='bbox 378 1006 516 1083; x_wconf 78' lang='lat' dir='ltr'>videtur,</span> <span class='ocrx_word' id='word_1_33' title='bbox 546 1005 655 1070; x_wconf 89' lang='lat' dir='ltr'>deinde</span> <span class='ocrx_word' id='word_1_34' title='bbox 679 1006 718 1069; x_wconf 92' lang='lat' dir='ltr'>ab</span> <span class='ocrx_word' id='word_1_35' title='bbox 744 1007 899 1072; x_wconf 90' lang='lat' dir='ltr'>infinitivo</span> <span class='ocrx_word' id='word_1_36' title='bbox 923 1006 1157 1071; x_wconf 72' lang='grc' dir='ltr'><strong><em>ἐπισπάσασθαι</em></strong></span> <span class='ocrx_word' id='word_1_37' title='bbox 1181 1009 1370 1074; x_wconf 88' lang='lat' dir='ltr'>infinitivum</span> 
     </span>
     <span class='ocr_line' id='line_1_7' title="bbox 295 1105 1371 1196; baseline 0.004 -24"><span class='ocrx_word' id='word_1_38' title='bbox 295 1108 395 1172; x_wconf 78' lang='lat' dir='ltr'>futuri</span> <span class='ocrx_word' id='word_1_39' title='bbox 418 1105 683 1190; x_wconf 71' lang='grc' dir='ltr'><strong><em>προθυμήσεσθαι</em></strong></span> <span class='ocrx_word' id='word_1_40' title='bbox 706 1111 842 1193; x_wconf 89' lang='lat' dir='ltr'>pendere</span> <span class='ocrx_word' id='word_1_41' title='bbox 864 1111 948 1189; x_wconf 90' lang='lat' dir='ltr'>vult,</span> <span class='ocrx_word' id='word_1_42' title='bbox 982 1136 1044 1196; x_wconf 90' lang='lat' dir='ltr'>qua</span> <span class='ocrx_word' id='word_1_43' title='bbox 1065 1113 1097 1176; x_wconf 90' lang='lat' dir='ltr'>in</span> <span class='ocrx_word' id='word_1_44' title='bbox 1120 1113 1275 1178; x_wconf 89' lang='lat' dir='ltr'>sententia</span> <span class='ocrx_word' id='word_1_45' title='bbox 1303 1113 1371 1196; x_wconf 89' lang='lat' dir='ltr'>ipse</span> 
     </span>
     <span class='ocr_line' id='line_1_8' title="bbox 294 1211 1370 1297; baseline 0.003 -22"><span class='ocrx_word' id='word_1_46' title='bbox 294 1212 439 1276; x_wconf 73' lang='lat' dir='ltr'>haesitat.</span> <span class='ocrx_word' id='word_1_47' title='bbox 492 1211 654 1276; x_wconf 65' lang='lat' dir='ltr'>Goeller-us</span> <span class='ocrx_word' id='word_1_48' title='bbox 682 1213 735 1275; x_wconf 86' lang='lat' dir='ltr'>vix</span> <span class='ocrx_word' id='word_1_49' title='bbox 763 1217 846 1278; x_wconf 90' lang='lat' dir='ltr'>recte</span> <span class='ocrx_word' id='word_1_50' title='bbox 868 1218 972 1297; x_wconf 90' lang='lat' dir='ltr'>putat,</span> <span class='ocrx_word' id='word_1_51' title='bbox 1003 1237 1071 1278; x_wconf 88' lang='lat' dir='ltr'>eam</span> <span class='ocrx_word' id='word_1_52' title='bbox 1102 1215 1143 1278; x_wconf 92' lang='lat' dir='ltr'>ob</span> <span class='ocrx_word' id='word_1_53' title='bbox 1166 1237 1292 1278; x_wconf 87' lang='lat' dir='ltr'>causam</span> <span class='ocrx_word' id='word_1_54' title='bbox 1322 1215 1370 1278; x_wconf 92' lang='lat' dir='ltr'>in·</span> 
     </span>
     <span class='ocr_line' id='line_1_9' title="bbox 294 1313 1370 1401; baseline 0.003 -24"><span class='ocrx_word' id='word_1_55' title='bbox 294 1315 452 1380; x_wconf 87' lang='lat' dir='ltr'>finitivum</span> <span class='ocrx_word' id='word_1_56' title='bbox 481 1314 579 1379; x_wconf 87' lang='lat' dir='ltr'>futuri</span> <span class='ocrx_word' id='word_1_57' title='bbox 610 1316 649 1379; x_wconf 88' lang='lat' dir='ltr'>ab</span> <span class='ocrx_word' id='word_1_58' title='bbox 681 1313 915 1376; x_wconf 75' lang='grc' dir='ltr'><strong><em>ἐπισπάσασθαι</em></strong></span> <span class='ocrx_word' id='word_1_59' title='bbox 939 1317 1074 1400; x_wconf 89' lang='lat' dir='ltr'>pendere</span> <span class='ocrx_word' id='word_1_60' title='bbox 1096 1339 1203 1400; x_wconf 89' lang='lat' dir='ltr'>posse,</span> <span class='ocrx_word' id='word_1_61' title='bbox 1234 1317 1308 1401; x_wconf 90' lang='lat' dir='ltr'>quia</span> <span class='ocrx_word' id='word_1_62' title='bbox 1337 1317 1370 1380; x_wconf 90' lang='lat' dir='ltr'>in</span> 
     </span>
     <span class='ocr_line' id='line_1_10' title="bbox 295 1417 1370 1504; baseline 0 -22"><span class='ocrx_word' id='word_1_63' title='bbox 295 1423 364 1482; x_wconf 89' lang='lat' dir='ltr'>tota</span> <span class='ocrx_word' id='word_1_64' title='bbox 384 1418 539 1482; x_wconf 85' lang='lat' dir='ltr'>sententia</span> <span class='ocrx_word' id='word_1_65' title='bbox 560 1417 685 1482; x_wconf 84' lang='lat' dir='ltr'>suturae</span> <span class='ocrx_word' id='word_1_66' title='bbox 707 1419 754 1482; x_wconf 90' lang='lat' dir='ltr'>rei</span> <span class='ocrx_word' id='word_1_67' title='bbox 775 1419 963 1504; x_wconf 83' lang='lat' dir='ltr'>significatio</span> <span class='ocrx_word' id='word_1_68' title='bbox 992 1419 1075 1483; x_wconf 88' lang='lat' dir='ltr'>insit.</span> <span class='ocrx_word' id='word_1_69' title='bbox 1126 1419 1237 1503; x_wconf 91' lang='lat' dir='ltr'>Poppo</span> <span class='ocrx_word' id='word_1_70' title='bbox 1265 1423 1370 1484; x_wconf 90' lang='lat' dir='ltr'>autem</span> 
     </span>
     <span class='ocr_line' id='line_1_11' title="bbox 294 1519 1369 1604; baseline 0 -20"><span class='ocrx_word' id='word_1_71' title='bbox 294 1521 506 1585; x_wconf 87' lang='lat' dir='ltr'>coniecturam</span> <span class='ocrx_word' id='word_1_72' title='bbox 529 1519 710 1584; x_wconf 90' lang='lat' dir='ltr'>Blomfieldi</span> <span class='ocrx_word' id='word_1_73' title='bbox 732 1519 959 1583; x_wconf 80' lang='grc' dir='ltr'><strong><em>ἐπισπάσεσθαι</em></strong></span> <span class='ocrx_word' id='word_1_74' title='bbox 983 1523 1108 1604; x_wconf 89' lang='lat' dir='ltr'>passivo</span> <span class='ocrx_word' id='word_1_75' title='bbox 1131 1545 1224 1586; x_wconf 85' lang='lat' dir='ltr'>sensu</span> <span class='ocrx_word' id='word_1_76' title='bbox 1235 1523 1257 1601; x_wconf 79' lang='lat'>1)</span> <span class='ocrx_word' id='word_1_77' title='bbox 1280 1544 1369 1586; x_wconf 90' lang='lat' dir='ltr'>usur·</span> 
     </span>
     <span class='ocr_line' id='line_1_12' title="bbox 294 1623 1369 1709; baseline 0 -22"><span class='ocrx_word' id='word_1_78' title='bbox 294 1629 404 1706; x_wconf 90' lang='lat' dir='ltr'>patum</span> <span class='ocrx_word' id='word_1_79' title='bbox 433 1623 544 1705; x_wconf 79' lang='lat' dir='ltr'>recipit</span> <span class='ocrx_word' id='word_1_80' title='bbox 572 1627 603 1686; x_wconf 90' lang='lat' dir='ltr'>et</span> <span class='ocrx_word' id='word_1_81' title='bbox 629 1623 675 1686; x_wconf 89' lang='lat' dir='ltr'>ita</span> <span class='ocrx_word' id='word_1_82' title='bbox 702 1625 810 1688; x_wconf 86' lang='lat' dir='ltr'>vertit:</span> <span class='ocrx_word' id='word_1_83' title='bbox 842 1647 898 1703; x_wconf 90' lang='lat' dir='ltr'>„so</span> <span class='ocrx_word' id='word_1_84' title='bbox 930 1625 1058 1688; x_wconf 79' lang='lat' dir='ltr'>wiirden</span> <span class='ocrx_word' id='word_1_85' title='bbox 1083 1625 1143 1702; x_wconf 89' lang='lat' dir='ltr'>sie,</span> <span class='ocrx_word' id='word_1_86' title='bbox 1176 1625 1304 1709; x_wconf 85' lang='lat' dir='ltr'>glaubte</span> <span class='ocrx_word' id='word_1_87' title='bbox 1327 1647 1369 1702; x_wconf 91' lang='lat' dir='ltr'>er,</span> 
     </span>
     <span class='ocr_line' id='line_1_13' title="bbox 293 1725 1369 1812; baseline 0.001 -23"><span class='ocrx_word' id='word_1_88' title='bbox 293 1725 395 1789; x_wconf 87' lang='lat' dir='ltr'>bereit</span> <span class='ocrx_word' id='word_1_89' title='bbox 417 1725 483 1788; x_wconf 89' lang='lat' dir='ltr'>sein</span> <span class='ocrx_word' id='word_1_90' title='bbox 506 1725 573 1788; x_wconf 91' lang='lat' dir='ltr'>sich</span> <span class='ocrx_word' id='word_1_91' title='bbox 596 1726 690 1788; x_wconf 88' lang='lat' dir='ltr'>dahin</span> <span class='ocrx_word' id='word_1_92' title='bbox 712 1727 824 1792; x_wconf 88' lang='lat' dir='ltr'>locken</span> <span class='ocrx_word' id='word_1_93' title='bbox 846 1752 884 1792; x_wconf 90' lang='lat' dir='ltr'>zu</span> <span class='ocrx_word' id='word_1_94' title='bbox 912 1729 1041 1792; x_wconf 80' lang='lat' dir='ltr'>lassen.“</span> <span class='ocrx_word' id='word_1_95' title='bbox 1084 1728 1249 1792; x_wconf 79' lang='lat' dir='ltr'>Classenus</span> <span class='ocrx_word' id='word_1_96' title='bbox 1272 1731 1369 1812; x_wconf 87' lang='lat' dir='ltr'>negat</span> 
     </span>
     <span class='ocr_line' id='line_1_14' title="bbox 295 1829 1368 1914; baseline 0.005 -26"><span class='ocrx_word' id='word_1_97' title='bbox 295 1831 529 1912; x_wconf 81' lang='grc' dir='ltr'><strong><em>προθυμεῖσθαι</em></strong></span> <span class='ocrx_word' id='word_1_98' title='bbox 556 1829 616 1892; x_wconf 88' lang='lat' dir='ltr'>hoc</span> <span class='ocrx_word' id='word_1_99' title='bbox 645 1829 715 1892; x_wconf 93' lang='lat' dir='ltr'>loco</span> <span class='ocrx_word' id='word_1_100' title='bbox 737 1829 801 1894; x_wconf 90' lang='lat' dir='ltr'>vim</span> <span class='ocrx_word' id='word_1_101' title='bbox 831 1830 982 1914; x_wconf 82' lang='lat' dir='ltr'>„geneigt</span> <span class='ocrx_word' id='word_1_102' title='bbox 1010 1831 1101 1894; x_wconf 83' lang='lat' dir='ltr'>sein“</span> <span class='ocrx_word' id='word_1_103' title='bbox 1129 1831 1245 1894; x_wconf 89' lang='lat' dir='ltr'>habere</span> <span class='ocrx_word' id='word_1_104' title='bbox 1268 1852 1368 1914; x_wconf 89' lang='lat' dir='ltr'>posse,</span> 
     </span>
     <span class='ocr_line' id='line_1_15' title="bbox 294 1931 808 1996; baseline 0.002 -1"><span class='ocrx_word' id='word_1_105' title='bbox 294 1932 382 1996; x_wconf 91' lang='lat' dir='ltr'>cuius</span> <span class='ocrx_word' id='word_1_106' title='bbox 405 1931 451 1994; x_wconf 89' lang='lat' dir='ltr'>rei</span> <span class='ocrx_word' id='word_1_107' title='bbox 471 1953 599 1994; x_wconf 88' lang='lat' dir='ltr'>causam</span> <span class='ocrx_word' id='word_1_108' title='bbox 622 1953 685 1995; x_wconf 90' lang='lat' dir='ltr'>non</span> <span class='ocrx_word' id='word_1_109' title='bbox 708 1932 808 1996; x_wconf 90' lang='lat' dir='ltr'>video.</span> 
     </span>
    </p>
   </div>
   <div class='ocr_carea' id='block_1_4' title="bbox 292 2051 1367 2338">
    <p class='ocr_par' dir='ltr' id='par_1_4' title="bbox 292 2051 1367 2338">
     <span class='ocr_line' id='line_1_16' title="bbox 376 2051 1367 2134; baseline 0.001 -19"><span class='ocrx_word' id='word_1_110' title='bbox 376 2051 512 2134; x_wconf 83' lang='lat' dir='ltr'>Reliqua</span> <span class='ocrx_word' id='word_1_111' title='bbox 542 2051 685 2134; x_wconf 87' lang='lat' dir='ltr'>exempla</span> <span class='ocrx_word' id='word_1_112' title='bbox 720 2052 808 2114; x_wconf 87' lang='lat' dir='ltr'>verbi</span> <span class='ocrx_word' id='word_1_113' title='bbox 838 2056 1071 2134; x_wconf 80' lang='grc' dir='ltr'><strong><em>προθυμεῖσθαι</em></strong></span> <span class='ocrx_word' id='word_1_114' title='bbox 1110 2074 1181 2116; x_wconf 90' lang='lat' dir='ltr'>oum</span> <span class='ocrx_word' id='word_1_115' title='bbox 1211 2052 1367 2116; x_wconf 88' lang='lat' dir='ltr'>infinitivo</span> 
     </span>
     <span class='ocr_line' id='line_1_17' title="bbox 293 2153 1357 2236; baseline -0.001 -17"><span class='ocrx_word' id='word_1_116' title='bbox 293 2154 451 2220; x_wconf 89' lang='lat' dir='ltr'>coniuncti</span> <span class='ocrx_word' id='word_1_117' title='bbox 472 2153 550 2218; x_wconf 88' lang='lat' dir='ltr'>haec</span> <span class='ocrx_word' id='word_1_118' title='bbox 573 2159 660 2218; x_wconf 90' lang='lat' dir='ltr'>sunt:</span> <span class='ocrx_word' id='word_1_119' title='bbox 684 2153 723 2231; x_wconf 81' lang='lat' dir='ltr'>V,</span> <span class='ocrx_word' id='word_1_120' title='bbox 746 2157 787 2218; x_wconf 81' lang='lat'>50</span> <span class='ocrx_word' id='word_1_121' title='bbox 810 2153 871 2235; x_wconf 76' lang='lat' dir='ltr'>§i</span> <span class='ocrx_word' id='word_1_122' title='bbox 912 2155 950 2232; x_wconf 89' lang='lat' dir='ltr'>V,</span> <span class='ocrx_word' id='word_1_123' title='bbox 975 2156 1012 2218; x_wconf 85' lang='lat'>71</span> <span class='ocrx_word' id='word_1_124' title='bbox 1036 2153 1098 2235; x_wconf 75' lang='lat' dir='ltr'>§i</span> <span class='ocrx_word' id='word_1_125' title='bbox 1142 2153 1357 2236; x_wconf 73' lang='lat' dir='ltr'><strong>V11‚70§8</strong></span> 
     </span>
     <span class='ocr_line' id='line_1_18' title="bbox 292 2255 778 2338; baseline -0.004 -16"><span class='ocrx_word' id='word_1_126' title='bbox 292 2255 513 2338; x_wconf 78' lang='lat' dir='ltr'>Vlll,2§&#39;l.</span> <span class='ocrx_word' id='word_1_127' title='bbox 558 2255 778 2338; x_wconf 56' lang='lat' dir='ltr'>vineti.</span> 
     </span>
    </p>
   </div>
   <div class='ocr_carea' id='block_1_5' title="bbox 291 2376 1366 3078">
    <p class='ocr_par' dir='ltr' id='par_1_5' title="bbox 291 2376 1366 3078">
     <span class='ocr_line' id='line_1_19' title="bbox 377 2376 1366 2462; baseline 0.003 -22"><span class='ocrx_word' id='word_1_128' title='bbox 377 2376 496 2453; x_wconf 83' lang='lat' dir='ltr'>Restat,</span> <span class='ocrx_word' id='word_1_129' title='bbox 520 2379 555 2439; x_wconf 93' lang='lat' dir='ltr'>ut</span> <span class='ocrx_word' id='word_1_130' title='bbox 577 2377 615 2440; x_wconf 93' lang='lat' dir='ltr'>de</span> <span class='ocrx_word' id='word_1_131' title='bbox 638 2376 759 2450; x_wconf 91' lang='lat' dir='ltr'>duobus</span> <span class='ocrx_word' id='word_1_132' title='bbox 782 2377 885 2441; x_wconf 89' lang='lat' dir='ltr'>verbis</span> <span class='ocrx_word' id='word_1_133' title='bbox 904 2399 1006 2462; x_wconf 83' lang='lat' dir='ltr'>agam,</span> <span class='ocrx_word' id='word_1_134' title='bbox 1029 2399 1109 2461; x_wconf 89' lang='lat' dir='ltr'>quae</span> <span class='ocrx_word' id='word_1_135' title='bbox 1124 2377 1269 2460; x_wconf 87' lang='lat' dir='ltr'>primitus</span> <span class='ocrx_word' id='word_1_136' title='bbox 1292 2384 1366 2443; x_wconf 91' lang='lat' dir='ltr'>sunt</span> 
     </span>
     <span class='ocr_line' id='line_1_20' title="bbox 291 2479 1364 2562; baseline 0 -18"><span class='ocrx_word' id='word_1_137' title='bbox 291 2480 388 2544; x_wconf 78' lang='lat' dir='ltr'>verba</span> <span class='ocrx_word' id='word_1_138' title='bbox 408 2479 553 2562; x_wconf 88' lang='lat' dir='ltr'>putandi,</span> <span class='ocrx_word' id='word_1_139' title='bbox 576 2479 741 2562; x_wconf 79' lang='lat' dir='ltr'>paullatim</span> <span class='ocrx_word' id='word_1_140' title='bbox 763 2485 868 2544; x_wconf 89' lang='lat' dir='ltr'>autem</span> <span class='ocrx_word' id='word_1_141' title='bbox 888 2481 969 2544; x_wconf 89' lang='lat' dir='ltr'>hanc</span> <span class='ocrx_word' id='word_1_142' title='bbox 990 2481 1055 2544; x_wconf 87' lang='lat' dir='ltr'>vim</span> <span class='ocrx_word' id='word_1_143' title='bbox 1080 2479 1252 2544; x_wconf 89' lang='lat' dir='ltr'>amiserunt</span> <span class='ocrx_word' id='word_1_144' title='bbox 1281 2481 1364 2544; x_wconf 90' lang='lat' dir='ltr'>etin</span> 
     </span>
     <span class='ocr_line' id='line_1_21' title="bbox 292 2580 1365 2668; baseline 0.001 -22"><span class='ocrx_word' id='word_1_145' title='bbox 292 2582 388 2646; x_wconf 85' lang='lat' dir='ltr'>verba</span> <span class='ocrx_word' id='word_1_146' title='bbox 410 2581 582 2645; x_wconf 89' lang='lat' dir='ltr'>voluntatis</span> <span class='ocrx_word' id='word_1_147' title='bbox 604 2582 805 2659; x_wconf 89' lang='lat' dir='ltr'>transierunt,</span> <span class='ocrx_word' id='word_1_148' title='bbox 828 2582 964 2643; x_wconf 77' lang='grc' dir='ltr'><strong><em>δικαιοῦν</em></strong></span> <span class='ocrx_word' id='word_1_149' title='bbox 986 2587 1017 2646; x_wconf 89' lang='lat' dir='ltr'>et</span> <span class='ocrx_word' id='word_1_150' title='bbox 1041 2580 1151 2668; x_wconf 80' lang='grc' dir='ltr'><strong><em>ἀξιοῦν.</em></strong></span> <span class='ocrx_word' id='word_1_151' title='bbox 1197 2582 1245 2646; x_wconf 91' lang='lat' dir='ltr'>De</span> <span class='ocrx_word' id='word_1_152' title='bbox 1268 2583 1365 2647; x_wconf 86' lang='lat' dir='ltr'>verbo</span> 
     </span>
     <span class='ocr_line' id='line_1_22' title="bbox 293 2683 1365 2768; baseline 0.006 -24"><span class='ocrx_word' id='word_1_153' title='bbox 293 2683 394 2756; x_wconf 78' lang='grc' dir='ltr'><strong><em>ἀξιοῦν</em></strong></span> <span class='ocrx_word' id='word_1_154' title='bbox 426 2684 636 2748; x_wconf 88' lang='lat' dir='ltr'>Buttmannus</span> <span class='ocrx_word' id='word_1_155' title='bbox 671 2685 703 2748; x_wconf 90' lang='lat' dir='ltr'>in</span> <span class='ocrx_word' id='word_1_156' title='bbox 735 2685 871 2748; x_wconf 85' lang='lat' dir='ltr'>editione</span> <span class='ocrx_word' id='word_1_157' title='bbox 902 2685 1060 2750; x_wconf 88' lang='lat' dir='ltr'>Midianae</span> <span class='ocrx_word' id='word_1_158' title='bbox 1094 2687 1137 2768; x_wconf 86' lang='lat' dir='ltr'>(p.</span> <span class='ocrx_word' id='word_1_159' title='bbox 1166 2685 1241 2766; x_wconf 82' lang='lat'>165)</span> <span class='ocrx_word' id='word_1_160' title='bbox 1276 2686 1365 2750; x_wconf 82' lang='lat' dir='ltr'>docte</span> 
     </span>
     <span class='ocr_line' id='line_1_23' title="bbox 292 2787 1365 2873; baseline -0.002 -21"><span class='ocrx_word' id='word_1_161' title='bbox 292 2788 368 2873; x_wconf 84' lang='lat' dir='ltr'>agit.</span> <span class='ocrx_word' id='word_1_162' title='bbox 412 2787 535 2865; x_wconf 88' lang='lat' dir='ltr'>„Huius</span> <span class='ocrx_word' id='word_1_163' title='bbox 557 2788 658 2866; x_wconf 86' lang='lat' dir='ltr'>verbi,</span> <span class='ocrx_word' id='word_1_164' title='bbox 687 2789 804 2872; x_wconf 89' lang='lat' dir='ltr'>inquit,</span> <span class='ocrx_word' id='word_1_165' title='bbox 836 2788 1081 2872; x_wconf 81' lang='lat' dir='ltr'>significationes</span> <span class='ocrx_word' id='word_1_166' title='bbox 1102 2792 1168 2851; x_wconf 88' lang='lat' dir='ltr'>tam</span> <span class='ocrx_word' id='word_1_167' title='bbox 1198 2787 1311 2852; x_wconf 88' lang='lat' dir='ltr'>miram</span> <span class='ocrx_word' id='word_1_168' title='bbox 1331 2788 1365 2851; x_wconf 92' lang='lat' dir='ltr'>in</span> 
     </span>
     <span class='ocr_line' id='line_1_24' title="bbox 292 2891 1363 2975; baseline 0.002 -21"><span class='ocrx_word' id='word_1_169' title='bbox 292 2891 429 2975; x_wconf 87' lang='lat' dir='ltr'>quadam</span> <span class='ocrx_word' id='word_1_170' title='bbox 457 2894 563 2954; x_wconf 88' lang='lat' dir='ltr'>tamen</span> <span class='ocrx_word' id='word_1_171' title='bbox 585 2891 699 2955; x_wconf 87' lang='lat' dir='ltr'>vicinia</span> <span class='ocrx_word' id='word_1_172' title='bbox 721 2891 934 2956; x_wconf 83' lang='lat' dir='ltr'>diversitatem</span> <span class='ocrx_word' id='word_1_173' title='bbox 955 2893 1123 2974; x_wconf 87' lang='lat' dir='ltr'>praebent,</span> <span class='ocrx_word' id='word_1_174' title='bbox 1153 2894 1188 2953; x_wconf 87' lang='lat' dir='ltr'>ut</span> <span class='ocrx_word' id='word_1_175' title='bbox 1207 2913 1271 2955; x_wconf 91' lang='lat' dir='ltr'>non</span> <span class='ocrx_word' id='word_1_176' title='bbox 1293 2913 1363 2956; x_wconf 88' lang='lat' dir='ltr'>raro</span> 
     </span>
     <span class='ocr_line' id='line_1_25' title="bbox 292 2993 1364 3078; baseline -0.001 -20"><span class='ocrx_word' id='word_1_177' title='bbox 292 2994 367 3058; x_wconf 88' lang='lat' dir='ltr'>insit</span> <span class='ocrx_word' id='word_1_178' title='bbox 397 3016 473 3057; x_wconf 87' lang='lat' dir='ltr'>ansa</span> <span class='ocrx_word' id='word_1_179' title='bbox 504 2994 667 3058; x_wconf 90' lang='lat' dir='ltr'>dabitandi</span> <span class='ocrx_word' id='word_1_180' title='bbox 689 3046 694 3058; x_wconf 90' lang='lat'>.</span> <span class='ocrx_word' id='word_1_181' title='bbox 719 3047 754 3058; x_wconf 92' lang='lat'>..</span> <span class='ocrx_word' id='word_1_182' title='bbox 786 2993 969 3058; x_wconf 79' lang='lat' dir='ltr'>Tenendum</span> <span class='ocrx_word' id='word_1_183' title='bbox 1000 2998 1047 3058; x_wconf 89' lang='lat' dir='ltr'>est</span> <span class='ocrx_word' id='word_1_184' title='bbox 1076 2993 1105 3058; x_wconf 90' lang='lat' dir='ltr'>ei</span> <span class='ocrx_word' id='word_1_185' title='bbox 1134 2993 1364 3078; x_wconf 84' lang='lat' dir='ltr'>significationi,</span> 
     </span>
    </p>
   </div>
   <div class='ocr_carea' id='block_1_6' title="bbox 290 3095 1364 3796">
    <p class='ocr_par' dir='ltr' id='par_1_6' title="bbox 290 3095 1364 3796">
     <span class='ocr_line' id='line_1_26' title="bbox 292 3095 1363 3182; baseline 0 -22"><span class='ocrx_word' id='word_1_186' title='bbox 292 3120 372 3180; x_wconf 91' lang='lat' dir='ltr'>quae</span> <span class='ocrx_word' id='word_1_187' title='bbox 388 3097 481 3162; x_wconf 90' lang='lat' dir='ltr'>huius</span> <span class='ocrx_word' id='word_1_188' title='bbox 497 3097 586 3161; x_wconf 87' lang='lat' dir='ltr'>verbi</span> <span class='ocrx_word' id='word_1_189' title='bbox 609 3121 646 3162; x_wconf 85' lang='lat' dir='ltr'>ex</span> <span class='ocrx_word' id='word_1_190' title='bbox 664 3103 767 3182; x_wconf 82' lang='lat' dir='ltr'>etymo</span> <span class='ocrx_word' id='word_1_191' title='bbox 783 3097 911 3180; x_wconf 88' lang='lat' dir='ltr'>propria</span> <span class='ocrx_word' id='word_1_192' title='bbox 932 3100 995 3173; x_wconf 85' lang='lat' dir='ltr'>est,</span> <span class='ocrx_word' id='word_1_193' title='bbox 1018 3095 1175 3179; x_wconf 88' lang='lat' dir='ltr'>„dignum</span> <span class='ocrx_word' id='word_1_194' title='bbox 1196 3095 1363 3174; x_wconf 87' lang='lat' dir='ltr'>iudicare“,</span> 
     </span>
     <span class='ocr_line' id='line_1_27' title="bbox 293 3198 1362 3284; baseline 0 -20"><span class='ocrx_word' id='word_1_195' title='bbox 293 3201 438 3284; x_wconf 89' lang='lat' dir='ltr'>quotiens</span> <span class='ocrx_word' id='word_1_196' title='bbox 462 3200 547 3264; x_wconf 89' lang='lat' dir='ltr'>aliud</span> <span class='ocrx_word' id='word_1_197' title='bbox 568 3201 641 3265; x_wconf 88' lang='lat' dir='ltr'>iude</span> <span class='ocrx_word' id='word_1_198' title='bbox 662 3201 793 3265; x_wconf 88' lang='lat' dir='ltr'>verbum</span> <span class='ocrx_word' id='word_1_199' title='bbox 815 3200 848 3262; x_wconf 91' lang='lat' dir='ltr'>in</span> <span class='ocrx_word' id='word_1_200' title='bbox 863 3198 1018 3262; x_wconf 83' lang='lat' dir='ltr'>infinitivo</span> <span class='ocrx_word' id='word_1_201' title='bbox 1034 3199 1158 3282; x_wconf 86' lang='lat' dir='ltr'>pendet,</span> <span class='ocrx_word' id='word_1_202' title='bbox 1181 3199 1287 3263; x_wconf 86' lang='lat' dir='ltr'>statim</span> <span class='ocrx_word' id='word_1_203' title='bbox 1310 3201 1362 3264; x_wconf 94' lang='lat' dir='ltr'>ad·</span> 
     </span>
     <span class='ocr_line' id='line_1_28' title="bbox 291 3301 1364 3385; baseline -0.001 -18"><span class='ocrx_word' id='word_1_204' title='bbox 291 3303 414 3368; x_wconf 81' lang='lat' dir='ltr'>misceri</span> <span class='ocrx_word' id='word_1_205' title='bbox 441 3302 602 3368; x_wconf 89' lang='lat' dir='ltr'>notionem</span> <span class='ocrx_word' id='word_1_206' title='bbox 628 3303 815 3368; x_wconf 86' lang='lat' dir='ltr'>voluntatis:</span> <span class='ocrx_word' id='word_1_207' title='bbox 850 3324 930 3385; x_wconf 86' lang='lat' dir='ltr'>quae</span> <span class='ocrx_word' id='word_1_208' title='bbox 960 3323 1031 3365; x_wconf 89' lang='lat' dir='ltr'>cum</span> <span class='ocrx_word' id='word_1_209' title='bbox 1065 3301 1180 3385; x_wconf 83' lang='lat' dir='ltr'>partim</span> <span class='ocrx_word' id='word_1_210' title='bbox 1210 3303 1249 3366; x_wconf 92' lang='lat' dir='ltr'>ad</span> <span class='ocrx_word' id='word_1_211' title='bbox 1278 3303 1364 3380; x_wconf 89' lang='lat' dir='ltr'>alias,</span> 
     </span>
     <span class='ocr_line' id='line_1_29' title="bbox 290 3405 1363 3490; baseline -0.001 -21"><span class='ocrx_word' id='word_1_212' title='bbox 290 3406 407 3490; x_wconf 87' lang='lat' dir='ltr'>partim</span> <span class='ocrx_word' id='word_1_213' title='bbox 434 3406 474 3468; x_wconf 90' lang='lat' dir='ltr'>ad</span> <span class='ocrx_word' id='word_1_214' title='bbox 501 3405 645 3490; x_wconf 87' lang='lat' dir='ltr'>proprias</span> <span class='ocrx_word' id='word_1_215' title='bbox 673 3405 810 3470; x_wconf 76' lang='lat' dir='ltr'>actiones</span> <span class='ocrx_word' id='word_1_216' title='bbox 833 3408 967 3488; x_wconf 86' lang='lat' dir='ltr'>spectet,</span> <span class='ocrx_word' id='word_1_217' title='bbox 997 3409 1168 3468; x_wconf 88' lang='lat' dir='ltr'>nascuntur</span> <span class='ocrx_word' id='word_1_218' title='bbox 1189 3405 1261 3468; x_wconf 92' lang='lat' dir='ltr'>inde</span> <span class='ocrx_word' id='word_1_219' title='bbox 1284 3406 1363 3470; x_wconf 89' lang='lat' dir='ltr'>duae</span> 
     </span>
     <span class='ocr_line' id='line_1_30' title="bbox 290 3506 1362 3593; baseline 0 -21"><span class='ocrx_word' id='word_1_220' title='bbox 290 3507 534 3593; x_wconf 85' lang='lat' dir='ltr'>significationes</span> <span class='ocrx_word' id='word_1_221' title='bbox 550 3508 746 3592; x_wconf 86' lang='lat' dir='ltr'>principales,</span> <span class='ocrx_word' id='word_1_222' title='bbox 768 3509 868 3572; x_wconf 88' lang='lat' dir='ltr'>altera</span> <span class='ocrx_word' id='word_1_223' title='bbox 881 3507 1070 3590; x_wconf 84' lang='lat' dir='ltr'>postulandi,</span> <span class='ocrx_word' id='word_1_224' title='bbox 1094 3506 1194 3571; x_wconf 85' lang='lat' dir='ltr'>altera</span> <span class='ocrx_word' id='word_1_225' title='bbox 1208 3530 1241 3571; x_wconf 92' lang='lat' dir='ltr'>se</span> <span class='ocrx_word' id='word_1_226' title='bbox 1259 3507 1362 3591; x_wconf 90' lang='lat' dir='ltr'>ipsum</span> 
     </span>
     <span class='ocr_line' id='line_1_31' title="bbox 290 3608 1362 3695; baseline 0 -21"><span class='ocrx_word' id='word_1_227' title='bbox 290 3610 486 3694; x_wconf 79' lang='lat' dir='ltr'>praebendi.“</span> <span class='ocrx_word' id='word_1_228' title='bbox 542 3608 611 3686; x_wconf 86' lang='lat' dir='ltr'>Qua</span> <span class='ocrx_word' id='word_1_229' title='bbox 649 3611 771 3675; x_wconf 88' lang='lat' dir='ltr'>ratione</span> <span class='ocrx_word' id='word_1_230' title='bbox 805 3610 956 3675; x_wconf 90' lang='lat' dir='ltr'>adductus</span> <span class='ocrx_word' id='word_1_231' title='bbox 989 3609 1085 3672; x_wconf 88' lang='lat' dir='ltr'>verba</span> <span class='ocrx_word' id='word_1_232' title='bbox 1114 3609 1147 3672; x_wconf 93' lang='lat' dir='ltr'>in</span> <span class='ocrx_word' id='word_1_233' title='bbox 1178 3610 1236 3674; x_wconf 90' lang='lat' dir='ltr'>hae</span> <span class='ocrx_word' id='word_1_234' title='bbox 1272 3632 1362 3695; x_wconf 88' lang='lat' dir='ltr'>para-</span> 
     </span>
     <span class='ocr_line' id='line_1_32' title="bbox 291 3712 860 3796; baseline 0 -20"><span class='ocrx_word' id='word_1_235' title='bbox 291 3712 414 3796; x_wconf 83' lang='lat' dir='ltr'>grapho</span> <span class='ocrx_word' id='word_1_236' title='bbox 436 3713 600 3777; x_wconf 88' lang='lat' dir='ltr'>tractanda</span> <span class='ocrx_word' id='word_1_237' title='bbox 621 3735 687 3778; x_wconf 91' lang='lat' dir='ltr'>esse</span> <span class='ocrx_word' id='word_1_238' title='bbox 710 3713 826 3796; x_wconf 88' lang='lat' dir='ltr'>putavi.</span> <span class='ocrx_word' id='word_1_239' title='bbox 837 3713 860 3796; x_wconf 69' lang='grc'>2)</span> 
     </span>
    </p>
   </div>
   <div class='ocr_carea' id='block_1_7' title="bbox 288 3948 1361 4359">
    <p class='ocr_par' dir='ltr' id='par_1_7' title="bbox 288 3948 1361 4189">
     <span class='ocr_line' id='line_1_33' title="bbox 377 3948 1361 4019; baseline 0.004 -19"><span class='ocrx_word' id='word_1_240' title='bbox 377 3949 402 4016; x_wconf 86' lang='lat'>1)</span> <span class='ocrx_word' id='word_1_241' title='bbox 421 3949 530 4003; x_wconf 83' lang='lat' dir='ltr'>Constat</span> <span class='ocrx_word' id='word_1_242' title='bbox 547 3949 638 4003; x_wconf 82' lang='lat' dir='ltr'>lutura</span> <span class='ocrx_word' id='word_1_243' title='bbox 655 3949 735 4003; x_wconf 79' lang='lat' dir='ltr'>medii</span> <span class='ocrx_word' id='word_1_244' title='bbox 753 3949 857 4019; x_wconf 86' lang='lat' dir='ltr'>generis</span> <span class='ocrx_word' id='word_1_245' title='bbox 875 3965 953 4017; x_wconf 88' lang='lat' dir='ltr'>saepe</span> <span class='ocrx_word' id='word_1_246' title='bbox 971 3948 1078 4016; x_wconf 83' lang='lat' dir='ltr'>passive</span> <span class='ocrx_word' id='word_1_247' title='bbox 1097 3950 1227 4018; x_wconf 74' lang='lat' dir='ltr'>usurpari,</span> <span class='ocrx_word' id='word_1_248' title='bbox 1245 3951 1361 4004; x_wconf 81' lang='lat' dir='ltr'>maxime</span> 
     </span>
     <span class='ocr_line' id='line_1_34' title="bbox 288 4034 1360 4108; baseline 0.002 -20"><span class='ocrx_word' id='word_1_249' title='bbox 288 4035 316 4088; x_wconf 86' lang='lat' dir='ltr'>in</span> <span class='ocrx_word' id='word_1_250' title='bbox 334 4035 424 4088; x_wconf 84' lang='lat' dir='ltr'>vorbis</span> <span class='ocrx_word' id='word_1_251' title='bbox 440 4035 523 4103; x_wconf 87' lang='lat' dir='ltr'>puris,</span> <span class='ocrx_word' id='word_1_252' title='bbox 542 4051 655 4103; x_wconf 88' lang='lat' dir='ltr'>quorum</span> <span class='ocrx_word' id='word_1_253' title='bbox 673 4036 765 4089; x_wconf 84' lang='lat' dir='ltr'>futura</span> <span class='ocrx_word' id='word_1_254' title='bbox 784 4035 883 4108; x_wconf 74' lang='lat' dir='ltr'>passivi</span> <span class='ocrx_word' id='word_1_255' title='bbox 901 4034 1019 4104; x_wconf 85' lang='lat' dir='ltr'>longiora</span> <span class='ocrx_word' id='word_1_256' title='bbox 1037 4037 1106 4087; x_wconf 84' lang='lat' dir='ltr'>sunt.</span> <span class='ocrx_word' id='word_1_257' title='bbox 1143 4035 1238 4089; x_wconf 81' lang='lat' dir='ltr'>Confer</span> <span class='ocrx_word' id='word_1_258' title='bbox 1247 4036 1360 4091; x_wconf 87' lang='lat' dir='ltr'>Janson:</span> 
     </span>
     <span class='ocr_line' id='line_1_35' title="bbox 290 4119 864 4189; baseline 0.003 -15"><span class='ocrx_word' id='word_1_259' title='bbox 290 4119 384 4189; x_wconf 88' lang='lat' dir='ltr'><strong>„XIX.</strong></span> <span class='ocrx_word' id='word_1_260' title='bbox 403 4119 494 4187; x_wconf 80' lang='lat' dir='ltr'>Suppl.</span> <span class='ocrx_word' id='word_1_261' title='bbox 512 4119 561 4173; x_wconf 94' lang='lat' dir='ltr'>Bd.</span> <span class='ocrx_word' id='word_1_262' title='bbox 579 4120 621 4173; x_wconf 88' lang='lat' dir='ltr'>Jb.</span> <span class='ocrx_word' id='word_1_263' title='bbox 640 4121 658 4173; x_wconf 87' lang='lat' dir='ltr'>f.</span> <span class='ocrx_word' id='word_1_264' title='bbox 678 4121 745 4176; x_wconf 70' lang='lat' dir='ltr'>th‘</span> <span class='ocrx_word' id='word_1_265' title='bbox 763 4139 787 4189; x_wconf 94' lang='lat' dir='ltr'>p.</span> <span class='ocrx_word' id='word_1_266' title='bbox 806 4121 864 4176; x_wconf 81' lang='lat'>506.</span> 
     </span>
    </p>

    <p class='ocr_par' dir='ltr' id='par_1_8' title="bbox 289 4205 1360 4359">
     <span class='ocr_line' id='line_1_36' title="bbox 375 4205 1360 4274; baseline 0.003 -16"><span class='ocrx_word' id='word_1_267' title='bbox 375 4206 400 4274; x_wconf 81' lang='lat'>2)</span> <span class='ocrx_word' id='word_1_268' title='bbox 418 4205 560 4259; x_wconf 86' lang='lat' dir='ltr'>Praeterea</span> <span class='ocrx_word' id='word_1_269' title='bbox 572 4206 663 4260; x_wconf 90' lang='lat' dir='ltr'>confer</span> <span class='ocrx_word' id='word_1_270' title='bbox 685 4207 716 4260; x_wconf 87' lang='lat' dir='ltr'>de</span> <span class='ocrx_word' id='word_1_271' title='bbox 735 4207 777 4260; x_wconf 90' lang='lat' dir='ltr'>his</span> <span class='ocrx_word' id='word_1_272' title='bbox 795 4207 896 4261; x_wconf 83' lang='lat' dir='ltr'>verbis:</span> <span class='ocrx_word' id='word_1_273' title='bbox 924 4207 976 4262; x_wconf 78' lang='lat' dir='ltr'>Th.</span> <span class='ocrx_word' id='word_1_274' title='bbox 996 4207 1200 4262; x_wconf 73' lang='lat' dir='ltr'>llorsmann:</span> <span class='ocrx_word' id='word_1_275' title='bbox 1229 4207 1360 4274; x_wconf 73' lang='lat' dir='ltr'>„cintius</span> 
     </span>
     <span class='ocr_line' id='line_1_37' title="bbox 289 4289 633 4359; baseline -0.009 -13"><span class='ocrx_word' id='word_1_276' title='bbox 289 4292 363 4347; x_wconf 81' lang='lat' dir='ltr'>Stud.</span> <span class='ocrx_word' id='word_1_277' title='bbox 382 4291 430 4344; x_wconf 89' lang='lat' dir='ltr'>Bd.</span> <span class='ocrx_word' id='word_1_278' title='bbox 449 4289 502 4354; x_wconf 85' lang='lat' dir='ltr'>VI,</span> <span class='ocrx_word' id='word_1_279' title='bbox 528 4308 553 4359; x_wconf 94' lang='lat' dir='ltr'>p.</span> <span class='ocrx_word' id='word_1_280' title='bbox 574 4291 633 4344; x_wconf 54' lang='lat'>225‘</span> 
     </span>
    </p>
   </div>
   <div class='ocr_carea' id='block_1_8' title="bbox 0 0 1558 5000">
    <p class='ocr_par' dir='ltr' id='par_1_9' title="bbox 0 0 1558 5000">
     <span class='ocr_line' id='line_1_38' title="bbox 0 0 1558 5000; baseline 0 0"><span class='ocrx_word' id='word_1_281' title='bbox 0 0 1558 5000; x_wconf 95' lang='lat' dir='ltr'> </span> 
     </span>
    </p>
   </div>
  </div>
 </body>
</html>
