3108 5006
761 382 778 444 7

233 551 342 634 μικρὸν
362 549 486 635 μεγάλῳ
509 550 643 628 εἰκάσαι,
673 556 718 635 τῷ
738 553 768 614 ἐν
794 547 1045 635 Θερμοπύλαις.1)
1088 549 1239 616 Notanda
1260 553 1308 616 cst

234 655 350 739 positio
382 655 551 740 singularis
574 655 735 720 infinitivi:
766 655 813 733 id,
843 655 928 737 quod
953 653 1184 718 restrictionem·
1203 653 1308 727 efficit,

235 757 274 822 ab
291 756 361 820 aliis
378 757 601 823 enuntiationis
615 759 758 842 partibus
773 758 946 822 seiunctum
961 757 1150 822 infinitivum
1164 757 1307 839 sequitur

236 865 267 924 et
288 860 319 924 in
343 861 406 924 fine
430 861 652 926 enuntiationis
675 861 817 944 ponitur,
846 864 882 924 ut
906 859 1078 939 lectoren,
1108 861 1193 944 quod
1214 860 1309 924 inter·

234 961 375 1046 ponitur,
406 963 444 1026 de
473 985 547 1028 vcro
571 963 731 1046 scriptoris
754 963 885 1027 consilio
915 962 1095 1040 edoceatur,
1125 963 1308 1047 priusquam

235 1065 273 1128 de
295 1065 428 1128 veritate
450 1065 638 1130 narrationis
661 1066 810 1131 iudicium
832 1065 936 1128 faciat.

322 1166 432 1250 Aeque
456 1189 492 1231 ac
513 1190 583 1232 cum
605 1168 760 1251 particula
782 1164 830 1244 ὡς,
852 1167 1023 1232 infinitivus
1039 1167 1133 1232 etiam
1151 1190 1221 1232 cum
1236 1189 1308 1251 pro·

235 1269 415 1334 nominibus
436 1269 576 1334 relativis
598 1271 806 1356 coniungitur.
850 1270 887 1334 In
902 1270 951 1334 his
973 1271 1122 1353 exemplis
1137 1269 1309 1337 infinitivus

236 1371 300 1435 vim
331 1372 428 1436 habet
450 1373 694 1450 consecutivam,
723 1377 826 1437 ortam
847 1377 883 1438 ut
904 1373 1028 1438 videtur
1050 1396 1088 1438 ea
1110 1372 1208 1441 dativi
1230 1395 1311 1456 quae

237 1475 312 1539 olim
340 1474 372 1538 in
400 1473 555 1538 infinitivo
585 1476 647 1539 fuit
676 1475 914 1560 significatione.
967 1475 1101 1540 Omnino
1132 1480 1236 1540 autem
1263 1475 1311 1540 vis

239 1578 343 1642 finalis
367 1582 398 1642 et
420 1578 619 1642 consecutiva
640 1579 673 1642 in
694 1579 849 1642 infinitivo
872 1585 946 1644 sunt
968 1580 1164 1658 coniunctae,
1196 1584 1232 1644 ut
1253 1602 1311 1662 nos

237 1681 277 1745 ad
307 1685 472 1763 utramque
508 1682 668 1746 notionem
698 1681 936 1763 significandam
966 1682 1098 1747 dicimus
1135 1705 1210 1760 „um
1238 1686 1310 1759 zu“‚

237 1783 328 1848 latini
355 1787 445 1861 „ut“.

324 1884 382 1949 Vis
405 1887 603 1950 consecutiva
625 1890 730 1950 autem
745 1885 891 1950 infinitivi
908 1888 1025 1970 optime
1041 1892 1172 1970 apparet
1186 1887 1312 1970 potissi-

239 2011 326 2052 mum
348 1989 379 2052 in
404 1989 449 2054 eis
473 1989 650 2064 infinitivis,
682 1988 736 2071 qui
757 1989 957 2054 inveniuntur
980 1994 1053 2074 post
1073 1989 1260 2074 pronomina
1282 1993 1314 2054 et

238 2091 395 2156 adieetiva
409 2092 594 2176 qualitatem
610 2096 641 2155 et
657 2092 865 2176 quantitatem
881 2093 1098 2178 significantia,
1120 2093 1312 2168 salutariter,

240 2199 395 2271 τοιοῦτος,
426 2192 536 2276 ὅσος.2)
595 2193 774 2274 Perfectum
806 2195 899 2260 huius
928 2195 974 2260 rei
1004 2194 1181 2278 exemplum
1212 2197 1314 2258 exstat

239 2296 295 2375 ΠΙ,
317 2298 358 2362 49
380 2297 398 2380 ὃ
421 2299 457 2362 4:
489 2293 508 2374 ἡ
532 2296 588 2376 μὲν
610 2294 729 2379 ἔφθασε
752 2299 909 2372 τοσοῦτον,
934 2293 1006 2358 ὅσον
1028 2293 1161 2378 Πάχητα
1182 2294 1314 2378 ἀνεγνω-

238 2397 321 2460 κέναι
351 2398 387 2462 τὸ
418 2397 567 2482 ψήφισμα
596 2400 645 2460 καὶ
667 2397 787 2478 μέλλειν
808 2397 930 2482 δράσειν
960 2401 1025 2478 „sie
1048 2401 1199 2465 errcichte
1223 2399 1314 2464 einen

240 2503 366 2568 solchen
386 2503 589 2588 Vorsprung.
613 2504 684 2567 dass
705 2503 825 2567 Paches
848 2501 909 2586 (als
931 2504 976 2566 sie
998 2501 1127 2586 ankam)
1150 2503 1229 2567 eben
1252 2507 1315 2568 erst

241 2606 301 2669 den
322 2605 490 2671 Beschluss
518 2606 657 2670 verlesen
689 2607 776 2670 hatte
806 2603 892 2690 (man
922 2607 1009 2670 hatte
1039 2607 1118 2681 aber
1135 2605 1315 2689 geitirchtet

240 2708 338 2772 schon
361 2730 400 2774 zu
423 2713 494 2794 spat
515 2733 555 2772 zu
578 2708 764 2792 kommen).“

327 2809 437 2876 Potuit
460 2811 555 2876 etiam
568 2834 741 2894 pronomen
757 2811 1037 2876 demonstrativum
1053 2811 1156 2876 omitti
1169 2815 1200 2876 et
1211 2810 1314 2876 solum

240 2913 407 2978 relativum
437 2914 592 2978 infinitivo
625 2915 711 2993 addi,
742 2937 840 2998 aeque
872 2935 907 2977 ac
935 2935 1108 2996 pronomen
1138 2908 1218 2973 οὕτω
1242 2917 1314 2977 ante

242 3012 319 3078 ὥστε
343 3040 436 3100 saepe
460 3017 554 3081 deest.
599 3017 671 3082 Duo
693 3018 787 3082 huius
808 3039 883 3080 usus
899 3015 1042 3100 exempla
1059 3020 1132 3080 sunt
1146 3016 1315 3083 afferenda:

243 3117 268 3197 I,
291 3121 310 3182 2
333 3120 351 3202 ξ
374 3122 393 3183 2
418 3117 574 3198 νεμόμενοι
599 3119 639 3180 τὰ
663 3115 764 3182 αὑτῶν
794 3117 865 3180 ὅσον
890 3116 1006 3199 ἀποζῆν
1029 3124 1060 3184 ct
1089 3118 1145 3197 VI,
1169 3120 1207 3182 12
1238 3119 1256 3204 ξ
1280 3121 1315 3183 2;

242 3219 279 3282 τὸ
311 3226 436 3305 πρᾶγμα
466 3221 544 3302 μέγα
572 3217 647 3284 εἶναι
675 3225 723 3284 καὶ
748 3222 792 3304 μὴ
817 3215 881 3282 οἷον
904 3220 1065 3304 νεωτέρους
1086 3217 1320 3299 βουλεύσασθαί
1423 3290 1425 3294 .

245 3347 276 3385 τε
299 3327 349 3385 καὶ
373 3323 461 3398 ὀξέως
482 3326 688 3406 μεταχειρίσαι
709 3325 742 3410 (i.
765 3350 781 3391 e
804 3324 1082 3404 εμ1τοιοῦτοα,
1106 3321 1226 3410 o‘r'cre).it

312 3460 374 3548 §fn
405 3463 656 3528 Infinitivus
678 3469 774 3548 post
795 3463 926 3528 verba
942 3461 1247 3544 impersonalia.

334 3582 369 3646 ln
393 3583 573 3648 universum
594 3584 675 3650 falso
697 3583 766 3661 dici,
787 3582 977 3646 infinitivum
998 3580 1131 3644 subiecti
1151 3581 1221 3644 loco
1243 3581 1318 3665 poni

244 3690 317 3772 post
347 3686 444 3750 verba
473 3686 708 3770 impersonalia,
737 3685 1005 3764 Schoemannus³)
1033 3689 1116 3748 recte
1146 3682 1317 3765 explicasse

333 3855 352 3923 ¹)
371 3854 507 3908 Wisenius
526 3855 606 3908 vertit
620 3855 827 3922 „propemodum
838 3869 921 3922 parra
933 3853 1036 3922 magnis
1049 3851 1233 3906 continerim.“
1260 3850 1318 3904 Hoc

243 3941 342 3996 falsum
361 3957 420 3995 esse
439 3945 510 4008 puto.

331 4026 351 4094 ²]
369 4027 405 4080 M.
423 4025 615 4080 Fellmann:
635 4026 668 4079 de
684 4023 727 4088 ὡς,
746 4021 817 4076 ὥστε
831 4023 970 4092 particulis
984 4022 1162 4077 consecutivis
1172 4035 1317 4088 earumque

244 4113 316 4181 apud
332 4113 447 4182 tragicos
459 4113 620 4166 Graecorum
636 4118 727 4179 poetas
742 4111 769 4163 vi
788 4113 815 4164 et
831 4125 884 4162 usn
902 4109 972 4164 Diss.
992 4107 1136 4162 Vratislav.
1149 4106 1222 4174 1883,
1241 4122 1264 4173 p.
1277 4107 1317 4158 17.

332 4198 352 4267 ³)
379 4199 601 4252 Schoemann:
649 4197 720 4265 „Zur
747 4195 834 4249 Lehre
867 4211 929 4248 vom
961 4193 1092 4262 Infinitiv,
1132 4193 1174 4245 Jb.
1194 4192 1211 4244 f.
1230 4191 1317 4246 Phir‘

247 4285 322 4359 1869,
340 4303 365 4360 p.
385 4285 442 4343 209.
