3114 5002
705 357 744 419 91

276 525 407 592 Constat
428 528 614 610 particulam
636 525 712 589 ὥστε
735 529 862 612 proprie
883 550 947 591 non
961 527 1057 592 fuisse
1073 527 1257 610 particulam

189 633 428 710 consecutivam,
450 632 506 696 sed
527 631 771 714 comparativam
789 630 881 714 („vvie
901 631 1024 714 etwa“).
1068 630 1173 714 Atque
1188 653 1259 694 cum

188 737 229 800 ad
251 736 517 820 comparationem
539 757 589 799 res
610 735 779 799 afferantur
808 757 871 799 non
900 758 933 800 re
962 758 1035 799 vera
1064 734 1178 811 factae,
1204 734 1259 796 sed

188 843 315 904 tantum
343 843 447 902 mente
477 838 583 914 fictae,
611 837 783 902 infinitivus
814 843 850 902 ut
878 839 966 902 notio
994 837 1149 922 generalis
1171 836 1259 900 verbi

188 943 228 1006 ad
259 941 340 1006 hanc
361 963 428 1004 rem
451 941 630 1025 aptissimus
652 941 817 1005 videbatur
840 963 914 1004 esse.
955 939 1131 1004 infinitivus
1154 943 1258 1002 autem

186 1067 244 1129 per
274 1067 307 1108 se
335 1045 474 1109 habebat
498 1045 560 1108 vim
586 1044 725 1121 finalem,
754 1044 839 1126 quod
860 1044 921 1108 fuit
940 1043 1105 1119 locativus,
1133 1047 1165 1106 et
1187 1064 1258 1106 eon-

188 1147 368 1224 secutivam
391 1148 476 1230 quod
496 1147 558 1212 fuit
573 1147 703 1212 dativus.
747 1145 835 1212 Haec
849 1147 936 1211 notio
951 1145 1097 1210 infinitivi
1112 1150 1143 1208 et
1157 1145 1259 1208 finahs

188 1255 220 1315 et
251 1250 450 1316 consecutiva
472 1250 589 1333 optime
613 1255 743 1333 apparet
763 1251 795 1313 in
818 1250 862 1314 eis
884 1250 1061 1326 infinitivis,
1092 1271 1172 1332 quae
1193 1270 1259 1311 sae·

186 1353 315 1437 pissime
330 1353 531 1418 inveniuntur
544 1358 617 1435 post
630 1354 816 1436 pronomina
832 1358 863 1418 et
879 1353 1037 1431 adjectiva,
1052 1351 1259 1436 quantitatem

187 1461 219 1520 et
242 1455 427 1539 qualitatem
449 1455 671 1538 significantia,
692 1457 779 1520 velut
800 1465 882 1528 τοῖος
889 1503 896 1532 ,
919 1460 1069 1530 τοιοῦτος,
1093 1451 1183 1525 ὅσος.·
1215 1453 1260 1516 ita

185 1583 250 1624 non
265 1559 380 1624 mirum
400 1581 467 1622 esse
482 1563 587 1640 potest
601 1555 677 1619 ὥστε
695 1559 753 1624 tali
767 1559 922 1624 infinitivo
940 1560 1080 1624 additum
1096 1556 1259 1642 paullatim

187 1663 221 1726 in
257 1662 519 1746 significationem
555 1662 727 1744 particulae
763 1663 979 1727 consecutivae
1011 1661 1155 1726 transiise
1192 1659 1259 1741 (cfr.

185 1765 350 1832 Fellmann
371 1764 504 1848 p.17).1)

276 1867 381 1950 Atque
416 1891 480 1932 non
512 1863 588 1928 ὥστε
618 1868 681 1932 vim
711 1869 956 1946 consecutivam,
987 1870 1042 1934 sed
1072 1867 1260 1932 infinitivum

186 1972 318 2050 habere,
355 1972 449 2036 etiam
478 1993 540 2034 uno
570 1972 653 2054 apud
680 1969 895 2054 Thucydidem
925 1971 1068 2056 exemplo
1094 1990 1260 2053 possumus

188 2074 363 2152 observare,
386 2074 441 2137 ubi
463 2073 617 2156 particula
639 2070 679 2146 ὡς
694 2096 764 2138 cum
782 2074 936 2140 infinitivo
951 2075 1116 2140 coniuncta
1131 2073 1260 2138 eandem

185 2177 284 2242 habet
306 2177 569 2262 significationem
591 2177 820 2242 consecutivam
848 2200 943 2261 quam
965 2175 1042 2239 ὥστε
1065 2199 1136 2240 cum
1158 2173 1259 2238 infini-

188 2281 256 2344 tivo
278 2280 486 2344 coniunctum.
529 2280 658 2364 legitur
680 2280 763 2344 enim
784 2280 915 2358 V11‚34
937 2281 1006 2364 §la
1043 2274 1261 2358 ναυμαχήσαν-

186 2407 235 2456 τες
266 2381 298 2444 δὲ
327 2380 480 2444 ἀντίπαλα
499 2381 565 2462 Ιμὲν
594 2383 643 2442 καὶ
675 2379 716 2454 ὡς
738 2379 850 2456 αὐτοὺς
871 2379 1031 2466 ἑκατέρους
1053 2380 1156 2454 ἀξιοῦν
1178 2383 1263 2441 νικᾶν

189 2486 253 2569 (De
291 2485 468 2550 accusativo
506 2483 617 2558 αὐτοὺς
654 2481 813 2568 ἑκατέρους
854 2487 961 2552 confer
997 2485 1187 2552 hobeckium
1224 2484 1263 2548 ad

186 2589 401 2672 Phrynichum
424 2612 452 2671 p.
470 2589 530 2654 750
553 2588 630 2666 etl,
655 2591 702 2654 12.
732 2589 786 2666 VI,
808 2590 828 2652 4
847 2589 866 2674 ξ
882 2591 909 2654 2.
940 2587 994 2667 Vl,
1017 2591 1058 2652 96
1081 2587 1143 2672 §L
1166 2587 1218 2668 al)

348 2759 365 2842 ἓ
384 2761 433 2824 64.
466 2759 679 2824 Particula
700 2760 964 2823 infinitivum
983 2757 1102 2842 regit.

279 2879 346 2944 Iam
369 2903 443 2944 vero
467 2880 621 2964 particula
642 2877 718 2942 ὥστε
742 2905 760 2942 a
783 2879 965 2963 Thucydide
987 2901 1051 2942 non
1076 2898 1199 2960 semper
1219 2876 1264 2939 ita

188 2987 375 3066 usurpatur,
397 2987 433 3046 ut
455 2983 687 3048 enuntiationes
709 3005 781 3046 vere
803 2981 1017 3046 consecutivae
1039 2981 1180 3058 inducat,
1208 2980 1263 3043 sed

187 3086 275 3150 vario
309 3087 403 3150 modo
437 3087 604 3151 adhibetur
638 3091 669 3150 et
699 3087 731 3150 in
761 3085 1028 3150 enuntiationibus
1054 3085 1261 3172 pendentibus

188 3210 311 3271 semper
331 3191 436 3272 potest
459 3190 542 3273 poni,
564 3190 619 3252 ubi
638 3190 744 3274 aliquo
761 3189 856 3252 modo
873 3190 910 3254 de
926 3188 1047 3252 ratione
1064 3187 1262 3252 consecutiva

276 3377 300 3443 1)
318 3375 533 3430 Baeumlein:
555 3375 815 3444 „Untersuchungen
828 3375 895 3427 iiber
910 3375 952 3426 die
968 3374 1152 3443 griechischen
1164 3373 1261 3439 Modl‘,

188 3461 336 3515 Heilbronn
356 3459 430 3528 1846,
450 3459 519 3529 pas
536 3461 591 3514 und
609 3461 650 3514 89.
687 3461 769 3529 „Was
788 3461 830 3513 die
848 3459 984 3513 Pmtikeln
1003 3457 1038 3514 ὡς
1055 3460 1110 3512 und
1128 3455 1198 3511 ὥστε
1215 3459 1262 3512 be-

187 3548 268 3615 trifft,
296 3561 325 3600 so
352 3547 446 3600 stehen
469 3547 507 3600 sie
532 3548 602 3600 auch
625 3549 652 3601 in
679 3548 740 3600 dem
763 3547 901 3614 Folgesatz
927 3545 1116 3614 urspriinglioh
1137 3545 1177 3598 als
1200 3561 1261 3598 ver-

189 3633 345 3702 gleiohende
354 3631 498 3700 Parthum,
513 3650 558 3686 mn
575 3634 617 3686 die
627 3632 865 3703 Angomessenheit
881 3635 928 3684 der
937 3631 1058 3685 Ursache
1072 3649 1121 3684 zur
1129 3632 1262 3701 Wirlvung

189 3718 400 3772 auszudriieken.
436 3719 485 3772 Die
509 3719 674 3788 griechische
698 3718 815 3786 Sprache
841 3717 961 3770 bediente
985 3717 1044 3770 sich
1062 3718 1190 3785 namhch‚
1215 3734 1262 3770 um

190 3805 237 3858 das
256 3803 576 3857 Causalitatsverh'a'ltniss
595 3803 727 3858 zwischen
752 3803 818 3856 zwei
835 3802 1013 3870 Handlungen
1033 3821 1066 3856 zu
1085 3803 1261 3873 vergleichem

189 3889 376 3943 vornehmlioh
395 3889 501 3943 soloher
518 3889 784 3956 ausdrucksweisem
807 3889 849 3941 die
869 3888 911 3940 eiu
923 3887 1113 3956 Entspreohon‚
1130 3889 1188 3942 eine
1207 3891 1261 3941 An-

191 3974 387 4044 gemessenheit
405 3976 452 4029 des
461 3977 544 4029 llinen
563 3993 624 4029 zum
640 3977 748 4028 Andern
764 3974 933 4028 bezeichnen.
969 3976 1262 4045 Demgemtssmiissen

190 4061 240 4114 vvir
263 4060 306 4114 bei
330 4056 401 4111 ὥστε
418 4063 473 4114 und
496 4059 531 4116 aia
549 4063 586 4114 im
605 4061 759 4131 Folgesatze
778 4077 829 4114 von
848 4061 895 4113 der
912 4061 1072 4131 Bedeutung
1096 4062 1179 4130 „vvie“
1199 4075 1261 4112 aus-

191 4148 291 4218 geheu‚
317 4147 445 4200 woduroh
463 4147 584 4200 Ursache
609 4148 665 4200 und
683 4147 816 4215 Wirkung
842 4147 906 4200 oder
923 4147 1004 4216 Folge
1022 4148 1050 4200 in
1075 4146 1116 4199 ein
1135 4145 1260 4214 gleichea

191 4233 250 4288 sich
267 4232 430 4302 gegenseitig
448 4233 671 4301 entsprechendes
689 4232 843 4286 Verhtltnis
861 4234 973 4286 treten.“
