3108 5006
791 402 832 464 38

273 569 482 656 VI,93§I.
526 569 875 652 ἀξιῶ111,86ἐ2.
919 565 1109 647 δύναμαιε
1136 567 1198 646 ΠΙ,
1221 565 1346 648 38§6.

274 671 543 755 ἀγωνίζομαιε
562 672 618 752 IV,
640 675 680 738 87
704 673 767 756 §6.
813 670 971 751 νομίζωι
993 670 1033 750 V,
1057 673 1095 736 17
1118 670 1179 752 §L
1223 667 1282 747 VI,
1304 667 1345 732 34

272 778 335 860 §2.
379 774 585 860 ὥρμημαιε
615 775 654 855 V,
677 774 801 857 2954.
852 772 1013 848 ἓλπίζωι
1040 773 1079 850 V,
1102 773 1224 855 3952.
1275 775 1347 832 τοῦ
1453 851 1455 856 Ι

273 877 392 962 λόγον
429 877 587 960 ἕχομαιι
624 877 663 957 V,
685 878 811 961 49§5.
865 875 1095 957 λογίζομαιε
1125 873 1345 956 VIH,2§4.

273 978 438 1062 ἕτοῖμός
459 983 556 1061 εἶμιῑ
577 980 668 1060 VIII,
691 982 710 1044 5
733 981 795 1064 §L
840 976 1051 1062 πρόθυμός
1074 978 1170 1058 alpi:
1191 977 1282 1056 VIII,
1305 977 1346 1042 99

274 1086 336 1168 §L
390 1082 581 1166 ἡγοῦμαιε
611 1083 704 1161 VIII,
726 1084 850 1166 44§I.
898 1079 967 1156 oirx
990 1079 1075 1160 ἕχωε
1105 1080 1198 1158 VIII,
1221 1081 1347 1163 66§3.

359 1204 545 1271 Exscribcre
572 1204 650 1268 mihi
675 1203 769 1268 liceat
795 1203 843 1280 II,
865 1204 905 1266 62
928 1201 989 1284 §lt
1022 1197 1037 1261 ὅ
1066 1223 1120 1280 μοι
1143 1201 1254 1261 δοκεῖτε
1278 1196 1346 1261 οὔτε

275 1306 362 1370 αὐτοὶ
395 1305 516 1370 πώποτε
555 1304 773 1388 ἐνθυμηθῆναι
805 1353 842 1366 ..
867 1352 874 1364 .
899 1351 905 1364 .
937 1300 1000 1364 οὔτ’
1038 1301 1095 1383 ἐγώ
1122 1303 1155 1362 ἐν
1184 1312 1248 1376 τοῖς
1278 1304 1347 1385 πρὶν

276 1409 386 1493 λόγοις.

360 1531 427 1596 lain
457 1553 494 1594 ea
524 1529 666 1612 exempla
684 1533 869 1612 sequantur,
896 1523 1032 1610 quaein
1054 1526 1195 1590 oratione
1218 1526 1348 1610 obliqua

274 1633 491 1700 inveniuntur:
511 1633 541 1712 I,
567 1633 627 1696 136
650 1631 713 1714 §L
755 1631 873 1709 Ill,25
897 1629 958 1712 §L
1001 1625 1056 1705 IV,
1079 1628 1098 1691 8
1122 1628 1183 1710 §8
1227 1627 1283 1707 IV,
1305 1630 1345 1692 27

276 1737 339 1820 §5
390 1735 445 1814 IV,
466 1735 593 1818 46§5.
644 1733 700 1813 IV,
722 1733 847 1816 98§4.
893 1731 947 1808 IV,
972 1729 1117 1810 114§5.
1159 1729 1198 1808 V,
1219 1731 1346 1814 4552.

275 1839 314 1918 V,
336 1837 460 1920 56§2.
493 1837 532 1917 V,
556 1839 594 1902 61
620 1837 683 1919 §8
717 1835 775 1914 Vl,
798 1835 924 1918 6451.
955 1832 1029 1910 VH,
1052 1832 1347 1916 36§4.§5‚§6.

275 1941 352 2021 VH,
373 1941 500 2024 48§4.
543 1939 782 2022 Vlll,48§7.
826 1937 917 2014 VIII,
940 1935 1066 2018 76§4.
1109 1933 1199 2013 VIII,
1223 1936 1347 2018 7656.

275 2043 369 2123 VIII,
391 2045 432 2110 88
455 2035 518 2126 §L
552 2043 624 2107 Duo
647 2041 847 2107 inveniuntur
869 2038 1024 2122 exempla,
1045 2037 1100 2102 ubi
1122 2038 1252 2122 pluralis
1274 2062 1346 2124 pro-

275 2148 411 2212 nominis
433 2146 576 2230 pon'tur,
604 2168 794 2230 quamquam
817 2144 947 2208 verbum
968 2163 1080 2226 regens
1102 2141 1256 2226 singulari
1285 2141 1345 2206 uti-

275 2255 335 2318 tur.
345 2251 369 2332 1)
412 2248 483 2314 Hoc
504 2253 571 2314 tum
595 2249 732 2313 accidere
754 2252 874 2332 potest,
896 2245 988 2323 siis,
1010 2244 1064 2329 qui
1085 2244 1233 2328 loquitur,
1256 2249 1287 2309 et
1309 2246 1346 2308 de

278 2376 311 2418 se
334 2357 366 2418 et
388 2353 426 2418 de
441 2353 505 2416 suis
528 2351 680 2416 actionem
704 2351 858 2416 infinitivo
875 2347 1083 2434 significatam
1101 2345 1243 2434 intellegi
1264 2347 1347 2412 vult:

276 2455 316 2535 V,
339 2457 379 2521 55
402 2455 455 2538 §l
480 2463 564 2537 σφεῖς
585 2453 642 2532 μὲν
657 2453 714 2538 γὰρ
729 2454 949 2534 ξυγκαθῆσθαι
967 2453 1044 2537 (scil.
1061 2450 1150 2534 ἔλεγε)
1173 2455 1204 2514 et
1225 2449 1284 2528 VI,
1307 2451 1348 2514 64

277 2559 332 2642 §3
354 2555 441 2620 αὐτοὶ
462 2555 520 2636 μὲν
541 2553 724 2639 ἄποκλῄσειν
746 2603 782 2616 ..
837 2551 917 2617 ,rai
948 2554 1129 2640 ἐμπρήσειν,
1159 2577 1348 2640 quamquam

279 2660 356 2742 ἔλεγε
390 2659 556 2746 praecedit.
611 2659 725 2723 Confer
758 2660 795 2724 de
826 2660 885 2724 hoo
921 2683 978 2726 usu
1012 2659 1105 2723 etiam
1138 2655 1200 2736 VI,
1221 2658 1261 2721 25
1286 2657 1347 2740 §2

276 2763 338 2845 VI,
361 2764 487 2846 49§2.
528 2761 606 2840 VH,
629 2762 755 2845 4851.

384 2970 467 3048 §28
511 2969 802 3034 praedicatum
823 2967 1081 3030 nomInativo
1104 2966 1244 3030 utitur.

363 3087 426 3154 Sed
446 3111 509 3154 non
531 3089 633 3154 solum
647 3109 820 3172 pronomen
836 3083 928 3158 αὐτός
950 3086 990 3150 ad
1001 3085 1190 3149 infinitivum
1204 3084 1348 3149 accedere
1469 3169 1471 3176 y

277 3195 391 3276 potest,
413 3191 585 3257 sedetiam
610 3191 672 3256 alia
691 3190 843 3255 attributa
865 3189 947 3272 apud
961 3188 1149 3252 infinitivum
1171 3187 1237 3252 vice
1259 3209 1347 3270 prae·

278 3295 374 3360 dicati
403 3295 495 3380 fungi
530 3299 670 3378 possunt.
722 3292 930 3357 Heilmannus
961 3290 1088 3374 quidem
1122 3291 1182 3354 hoc
1209 3290 1278 3354 loco
1312 3313 1348 3354 ea

278 3403 401 3464 tantum
424 3397 567 3482 exempla
588 3396 796 3474 enumeravit,
817 3396 873 3460 ubi
894 3394 1109 3480 praedicatum
1123 3393 1347 3458 infinitivorum

279 3495 372 3578 εἶναι,
406 3501 582 3581 γίγνεσθαι,
615 3498 784 3581 φαίνεσθαι
818 3497 1011 3564 nominativo
1045 3498 1152 3563 utitur.
1201 3495 1262 3562 Sed
1289 3497 1348 3560 hoc

278 3625 379 3688 genus
411 3603 504 3668 nimis
537 3600 614 3666 artis
647 3601 738 3666 lineis
772 3601 972 3684 descripsisse
1004 3601 1083 3666 mihi
1115 3601 1255 3666 videtur:
1288 3621 1347 3684 ego

280 3707 362 3772 enim
377 3706 480 3791 aptius
504 3726 570 3770 esee
592 3707 679 3788 pute,
702 3705 808 3770 onmia
821 3704 964 3788 exempla
985 3705 1048 3769 huc
1063 3704 1211 3782 conferre,
1234 3702 1348 3786 quibus

278 3809 478 3894 participium
492 3805 647 3872 infinitivo
663 3807 805 3872 additum
825 3807 937 3892 logice,
959 3812 995 3872 ut
1017 3807 1062 3873 ita
1085 3807 1194 3884 dicam,
1219 3805 1348 3870 averbo

278 3912 367 3978 finito
389 3913 518 3995 pendet,
547 3910 680 3994 denique
703 3909 808 3974 omnia
831 3932 882 3987 ea,
910 3910 1024 3994 quibus
1046 3909 1218 3977 infinstivus
1247 3907 1347 3977 ouius·

277 4015 357 4080 Iibet
377 4014 465 4079 verbi
487 4013 667 4097 praedicato
690 4017 819 4077 ornatus
846 4017 901 4077 est.

365 4287 391 4355 1)
408 4285 483 4340 Idem
500 4285 652 4340 invenimus
676 4285 747 4356 apud
767 4284 934 4340 Herodotum
951 4283 998 4350 IV,
1016 4282 1058 4336 43.
1093 4281 1149 4350 IX,
1168 4282 1209 4336 90.
