3114 5002
698 335 758 397 109

192 505 397 570 referendum.
455 505 597 570 Verbum
633 501 750 564 ἐθέλειν
787 504 870 568 enim
910 510 1031 587 spectat
1066 506 1106 569 ad
1140 506 1265 570 fortiter

193 609 457 694 aggrediendum:
492 605 691 687 αἰσχύνεσθαι
723 607 796 672 huic
829 607 1009 690 oppositum
1043 609 1082 670 ad
1112 609 1264 691 pudorem

191 710 302 794 fugae:
331 713 499 774 πείθεσθαι
522 711 562 774 ad
584 709 815 774 oboedientiam
836 732 930 792 quam
953 710 1043 774 miles
1071 711 1142 775 duci
1164 711 1265 790 debet,

192 813 256 878 sive
279 815 312 878 in
335 815 549 900 aggrediendo
572 815 637 878 sive
659 813 692 875 in
714 835 747 876 se
769 812 956 895 recipiendo.

278 915 312 981 Si
340 917 504 982 scribimus
535 939 606 980 cum
627 915 756 980 Reiskio
780 919 811 978 et
833 916 978 1000 Bekkero
1009 913 1044 976 τὸ
1068 913 1183 977 ἐθέλειν
1213 917 1263 976 καὶ

192 1016 392 1098 αἰσχύνεσθαι
422 1019 679 1094 aetheldreda,
709 1017 850 1082 desidero
881 1017 913 1080 in
942 1017 1001 1081 hac
1031 1019 1265 1083 enumeratione

193 1122 524 1187 commemorationem
552 1122 644 1186 t'ortis
668 1120 776 1198 animi,
806 1142 868 1204 quo
891 1125 974 1184 certe
996 1121 1087 1185 valde
1109 1143 1188 1204 opus
1219 1124 1266 1185 est

191 1225 225 1287 in
246 1225 329 1289 bello
352 1227 498 1311 gerendo.

276 1328 374 1392 Aliud
389 1329 567 1412 exemplum
589 1331 691 1392 exstat
710 1325 768 1404 VI,
792 1326 832 1388 80
856 1324 908 1407 §1
933 1325 982 1384 nat
1005 1323 1050 1405 μὴ
1073 1324 1186 1406 ἐκείνην
1207 1325 1265 1407 τὴν

192 1431 373 1512 προμηθίαν
396 1432 494 1493 δοκεΐυ
523 1455 566 1514 τῳ
589 1427 663 1511 ἡμῖν
684 1427 740 1509 μὲν
765 1426 832 1507 ίσην
861 1422 953 1503 εἶναι,
984 1424 1056 1506 υμῖν
1078 1427 1109 1490 δι’
1133 1425 1267 1512 ἀσφαλῆ,

193 1531 230 1593 vd
245 1531 424 1616 μηδετέροις
441 1532 479 1615 δὴ
502 1531 542 1606 ὡς
556 1534 605 1596 καί
627 1530 810 1615 ἀμφοτέρων
831 1528 921 1604 ὄντας
936 1528 1112 1611 ξυμμάχους
1126 1537 1265 1612 βοηθεῖν.

386 1673 496 1787 §84v
521 1705 695 1770 Accedit
719 1705 765 1768 ad
788 1702 1065 1788 genetivum.1)

278 1824 398 1889 Dubito
421 1848 497 1888 num
519 1825 595 1909 quid
617 1825 693 1889 certi
714 1825 815 1908 possit
836 1823 932 1888 statui
955 1825 993 1888 de
1016 1847 1053 1887 ea
1074 1824 1266 1907 quaestione,

190 1930 295 1991 utrum
325 1928 475 1994 articulus
506 1951 575 1993 oum
598 1927 752 1992 infinitivo
776 1927 959 1990 coniunctus
992 1947 1098 1990 casum
1121 1926 1266 2004 nominis,

191 2028 231 2092 ad
261 2030 345 2112 quod
372 2031 544 2096 infinitivus
575 2035 622 2095 est
644 2029 841 2107 referendus,
872 2033 1021 2112 sequatur
1051 2053 1090 2093 an
1120 2029 1266 2093 omnibus

191 2133 341 2216 exemplis
365 2135 521 2218 appositio
546 2134 711 2198 articulum
742 2130 916 2196 adhabere
946 2132 1065 2196 debeat.
1110 2131 1265 2214 Equidem

136 2312 138 2316 Ι
189 2239 277 2316 puto,
300 2257 371 2299 cum
393 2237 553 2302 codicibus
575 2237 607 2300 in
628 2236 730 2300 tribus
749 2234 908 2318 exemplis,
931 2257 1011 2318 quae
1034 2235 1117 2317 apud
1141 2233 1265 2320 Thucy-

191 2335 293 2400 didem
325 2338 540 2418 inveniuntur,
569 2339 780 2406 accusativum
810 2337 933 2402 articuli
963 2358 1029 2401 esse
1057 2336 1265 2408 scribendum,

190 2461 381 2524 quamquam
415 2443 455 2506 ad
489 2443 670 2528 genetivum
702 2445 733 2506 et
768 2441 908 2504 dativum
945 2439 1101 2523 appositio
1137 2445 1224 2524 spect
1244 2445 1265 2504 t.

190 2540 253 2606 Sed
281 2543 313 2606 in
343 2567 532 2630 unoquoque
563 2544 705 2628 exemplo
735 2543 910 2608 accuratius
939 2543 1017 2606 mihi
1038 2543 1076 2606 de
1099 2565 1136 2606 ea
1158 2567 1191 2606 re
1219 2548 1267 2607 est

193 2644 368 2711 dicendum.

277 2747 323 2812 Ac
346 2749 484 2832 primum
507 2749 634 2833 quidem
656 2749 830 2812 invenimus
846 2747 1056 2812 accusativum
1080 2747 1203 2812 articuli
1226 2748 1266 2811 ad

193 2851 377 2934 genetivum
392 2852 528 2917 nominis
542 2852 678 2916 relatum
700 2851 769 2928 Vll,
791 2852 830 2914 67
854 2850 902 2932 §l
930 2855 985 2930 τῆς
999 2846 1151 2930 δοκήσεως
1173 2873 1266 2932 προς-

191 2953 387 3034 γεγειημὲυης
418 2953 511 3038 αὐτῷ,
540 2953 576 3015 τὸ
608 2955 789 3038 κρατίστους
825 2948 899 3014 εἶναι
931 2953 957 3014 a’
985 2951 1056 3024 τοὺς
1085 2953 1267 3035 κρατίστους

193 3053 381 3136 ἐνικήσαμεν.
435 3057 600 3124 Classenus
629 3059 690 3122 hoo
722 3058 791 3121 loco
821 3061 905 3121 recte
935 3054 1067 3120 articulo
1097 3055 1177 3118 nihil
1205 3055 1266 3119 nisi

193 3159 363 3224 transitum
393 3163 432 3226 ad
462 3161 650 3225 infinitivum
677 3160 747 3225 fieri
776 3161 859 3224 dicit.
902 3159 1078 3224 Infinitivus
1101 3158 1183 3222 enim
1205 3158 1265 3222 hoc

190 3260 261 3325 loco
291 3263 466 3328 subiectum
493 3269 541 3328 est
562 3265 602 3328 ad
623 3265 837 3348 praedicatum
860 3260 997 3342 δόκησις,
1026 3262 1111 3346 quod
1131 3261 1267 3345 simplici

192 3393 396 3404 --—-——

277 3468 302 3535 1)
321 3467 400 3536 Apud
409 3467 575 3521 Herodotum
591 3484 674 3520 unum
691 3467 771 3521 huius
791 3467 830 3520 rei
844 3465 979 3519 invenitur
995 3466 1149 3534 exemplum
1159 3465 1263 3532 111‚32:

191 3549 260 3617 πλήν
283 3572 312 3604 τε
334 3553 394 3608 ἑνὸς
419 3558 469 3604 τοῦ
488 3593 493 3603 .
516 3593 520 3602 .
543 3592 548 3603 .
568 3550 677 3604 ἀπιέναι
701 3552 794 3604 πάντα
819 3543 904 3603 τδίίοί
925 3550 952 3602 οἱ
968 3555 1066 3620 παρῆν.
1103 3551 1142 3604 Ea
1164 3567 1193 3603 rc
1212 3551 1265 3605 duo

191 3638 333 3705 scriptores
357 3655 373 3692 a
397 3655 425 3692 se
445 3639 598 3706 discedunt,
624 3640 693 3708 quod
711 3655 771 3692 mea
790 3639 897 3707 quidem
916 3637 1047 3691 sententia
1070 3637 1140 3704 apud
1158 3637 1264 3706 Thucy-

191 3722 280 3776 didem
297 3725 385 3778 tribus
403 3725 449 3792 qni
467 3725 510 3778 his
528 3725 701 3795 paragraphis
717 3726 866 3778 tractantur
882 3723 948 3776 locis
967 3722 1096 3776 articulus
1114 3723 1147 3774 τὸ
1167 3727 1264 3791 exstat,

190 3807 341 3863 Herodotus
360 3811 482 3879 genetivo
499 3815 550 3861 τοῦ
568 3811 660 3864 utitun
696 3810 827 3878 Exempla
851 3813 942 3862 autem
960 3807 1039 3862 valde
1057 3809 1126 3862 inter
1148 3825 1177 3862 se
1202 3812 1266 3862 sunt

190 3894 342 3948 dissimilia:
368 3897 438 3964 apud
462 3897 645 3965 Thucydidem
668 3897 836 3951 substantiva
860 3895 994 3948 abstracta
1012 3891 1130 3962 (donatus
1148 3895 1213 3963 VII,
1232 3896 1264 3950 67

191 3981 241 4048 §L
278 3982 401 4049 καταβοή
427 3983 508 4046 VHI,
529 3983 562 4036 78
579 3983 629 4050 §3.
673 3980 785 4050 ἀμαθία
809 3981 873 4049 VH,
894 3982 927 4034 36
945 3981 1006 4049 ξῧ.)
1030 3981 1160 4036 infinitivo
1185 3997 1264 4034 accu-

190 4065 287 4119 ratiore
305 4069 419 4120 utimtur
431 4069 615 4137 descriptione,
635 4067 705 4135 apud
715 4067 882 4120 Herodotum
896 4069 987 4121 autem
1001 4066 1148 4120 infinitivus
1166 4067 1265 4120 nomini

190 4152 322 4205 numerali
345 4155 401 4206 tam
425 4156 482 4206 arte
506 4153 669 4220 adnectitur,
694 4155 725 4206 ut
747 4156 795 4206 vix
819 4153 888 4207 alius
912 4156 991 4221 atque
1019 4154 1158 4222 genetivus
1185 4167 1264 4207 casus

192 4237 320 4291 ferandus
338 4253 397 4292 esse
414 4239 543 4293 videatur.
