3114 5002
715 389 752 451 71

197 558 375 622 cusationeu
405 579 485 641 quae
516 558 594 635 nint,
623 580 717 641 supra
748 558 886 641 exposui.
929 557 1135 643 participium
1161 561 1199 625 ad
1223 561 1270 625 in·

196 660 353 725 finitivum
376 659 494 724 accedit
516 659 539 738 Ι,
563 661 603 724 43
627 660 679 742 §l
704 663 757 721 νῦν
777 662 848 739 παρ’
870 657 956 749 Ιὑμῶν
978 659 1013 722 τὸ
1038 659 1113 724 αὐτὸ
1130 659 1271 743 ἀξιοῦμεν

196 761 378 841 κομίζεσθαι
415 764 464 823 καὶ
500 762 545 844 μὴ
580 768 620 846 τῇ
654 758 785 847 ἡμετέρᾳ
815 761 914 846 ψήφῳ
945 761 1164 846 ὠφεληθέντας
1190 765 1270 849 (soil.

196 861 291 948 ὑμᾶς)
320 869 360 947 τῇ
389 861 518 950 δμετέρφ
550 863 630 947 ημᾶς
657 863 788 942 βλάψαι.
832 865 1008 931 Infinitivus
1031 872 1079 932 est
1100 861 1175 928 εἶναι
1199 891 1270 932 oum

195 969 392 1052 praedicato:
420 966 482 1045 ΠΙ,
505 969 524 1032 3
547 968 599 1050 §l
630 966 734 1046 μεῖζον
760 966 852 1050 μέρος
879 967 1018 1047 νέμοντες
1048 973 1092 1052 τῷ
1120 970 1165 1051 μὴ
1194 967 1271 1048 βοδ-

195 1075 310 1132 λεσθαι
333 1068 442 1150 ἀληθῆ
463 1064 537 1131 εἶναι
559 1070 634 1152 (soil.
654 1069 756 1154 αὐταΊ.
802 1070 985 1136 Subiectum
1006 1072 1099 1136 facile
1122 1095 1160 1137 ex
1181 1095 1271 1156 pruo-

195 1173 379 1238 cedentibus
409 1178 514 1256 potest
543 1173 645 1238 audiri
667 1172 706 1252 V,
729 1176 768 1238 61
794 1174 848 1256 §4
869 1173 922 1235 τὸν
949 1171 1132 1257 Ὀρχομενὸν
1162 1173 1273 1248 πάντες

195 1272 393 1357 ἐπολιόρκουν
416 1323 422 1336 .
447 1323 454 1336 .
479 1323 486 1336 .
509 1273 689 1355 βουλόμενοι
713 1274 813 1349 ἄλλοις
834 1299 865 1337 τε
889 1269 1106 1359 προςγενέσθαι
1131 1277 1227 1361 σφίσι.

281 1377 408 1457 Restat,
440 1384 476 1443 ut
499 1402 550 1444 me
572 1384 751 1444 conveniam
775 1380 815 1443 ad
838 1402 875 1444 ea
897 1379 1074 1456 enuntiata,
1107 1379 1161 1444 ubi
1183 1381 1271 1445 notio

194 1481 368 1546 voluntatis
384 1482 575 1567 cogitatione
597 1488 645 1547 est
661 1483 818 1546 'addendo
853 1481 896 1560 ΙΙ,
920 1484 959 1547 13
981 1482 999 1565 ἓ
1017 1484 1032 1546 1
1057 1482 1106 1543 καὶ
1119 1481 1272 1562 μηδεμίαν

196 1582 226 1645 οἷ
257 1579 396 1661 ὑποψίαν
430 1583 509 1645 κατὰ
541 1589 631 1646 τοῦτο
668 1586 825 1666 γίγνεσθαι
860 1584 913 1668 (so.
936 1582 1041 1668 ἠξίου).
1090 1583 1130 1662 V,
1153 1585 1194 1648 28
1217 1585 1269 1668 §1

196 1684 316 1748 τούτων
338 1685 369 1748 δέ
384 1686 559 1770 μηδετέροις
574 1688 677 1759 ε’ξεΐναι
702 1687 778 1772 (soil.
795 1687 1012 1771 ἐψηφίσαντο).
1051 1686 1141 1765 VIII,
1157 1689 1198 1752 97
1214 1687 1271 1770 §L

339 1858 423 1940 542.
467 1857 594 1922 Verba
619 1857 870 1944 impediendi
896 1863 934 1922 et
956 1858 1128 1923 sinendi.

283 1975 525 2060 περιοροίιο*.·
562 1978 607 2057 ΙΙ,
630 1980 671 2042 20
701 1978 757 2060 §2
791 1976 848 2058 τὴν
880 1981 937 2057 γῆν
969 1975 1023 2038 οὐκ
1060 1975 1098 2040 δν
1131 1977 1273 2059 περιιδεῖν

195 2083 367 2160 τμηθῆναι.
401 2079 597 2163 φυλάσσεο·
621 2080 681 2159 ΠΙ,
703 2082 744 2144 23
769 2081 820 2163 §l
844 2079 900 2152 τὰς
920 2103 951 2142 τε
975 2078 1095 2154 διόδους
1116 2086 1178 2142 τῶν
1193 2079 1272 2164 πίρ-

198 2206 261 2264 γων
283 2181 441 2257 ἕνστιίντες
459 2181 544 2245 αὐτοὶ
568 2181 739 2268 ἐφύλασσον
760 2181 876 2262 μηδένα
900 2180 935 2244 δι’
961 2180 1062 2244 αὐτῶν
1083 2184 1271 2264 ἐπιβοηθεῖν.

195 2286 273 2365 VII,
296 2288 334 2352 17
358 2287 420 2369 §L
477 2285 656 2372 φυλακὴν
690 2284 780 2366 έχο-
814 2285 862 2364 II,
885 2287 926 2350 69
954 2286 1008 2368 §l
1044 2285 1184 2369 φυλακὴν
1216 2281 1272 2367 εἶχε

195 2387 269 2470 μήτ’
292 2390 408 2451 ἐκπλεῖν
429 2437 435 2450 .
461 2437 467 2450 .
491 2389 610 2471 μηδένα
631 2387 704 2470 μήτ’
726 2389 853 2450 ἐσπλεῖν.
897 2387 1154 2451 κινδυνεύω*.·
1179 2389 1273 2474 (peri-

196 2493 302 2558 culum
329 2492 424 2575 facio)
453 2491 508 2572 IV,
532 2495 570 2558 15
594 2495 663 2576 §22
693 2489 872 2554 κινδυνεύειν
904 2491 957 2555 οδκ
980 2491 1144 2571 ἐβούλοντο
1169 2489 1189 2573 ἢ
1211 2489 1271 2554 δπδ

197 2592 340 2676 πλήθους
361 2594 553 2674 βιασθέντας
575 2603 779 2681 κρατηθῆναι.

475 2767 558 2849 ἕ43.
603 2769 741 2834 Verba
762 2765 991 2834 accusandi.

279 2886 316 2946 ἐν
340 2887 457 2972 αἰτίᾳ
488 2884 605 2968 έχω*.·
639 2888 679 2966 V,
701 2890 742 2952 65
765 2888 819 2970 §5
843 2885 914 2959 τοὺς
943 2881 1060 2947 ἑαυτῶν
1083 2881 1273 2966 στρατηγοὺς

198 2977 292 3060 αὖθις
314 2988 345 3048 έν
367 2989 451 3074 αίτίφ
475 2984 554 3070 εἶχον
582 2990 618 3053 τό
646 3015 677 3053 τε
701 2989 848 3074 πρότερον
875 2991 974 3062 καλῶς
996 2984 1175 3071 ληφθέντας
1197 2984 1272 3068 πρὸς

191 3088 294 3173 ’Ἀργει
316 3093 585 3172 Λακεδαιμονίους
608 3093 776 3178 ἀφεθῆναι.

429 3245 512 3328 §44
557 3247 693 3313 Verba
714 3245 1040 3313 consuetudiniu

283 3364 562 3445 ξυνεθίζομαι*.·
584 3367 639 3447 IV,
654 3369 757 3452 34§l
780 3364 1001 3445 Ιξυνειθισμένοι
1022 3368 1142 3444 μᾶλλον
1164 3360 1271 3442 μηκέτι

198 3465 312 3540 δἐινοδς
336 3465 447 3541 αὐτοὺς
470 3465 582 3548 ὁμοίως
604 3471 690 3554 σφίσι
714 3471 892 3554 φαίνεσθαι.

433 3622 516 3704 §45
561 3624 696 3690 Verba
718 3621 1035 3705 conveniendi.1)

284 3740 529 3825 {vyxwplw’iss
552 3743 613 3823 ΠΙ,
638 3745 677 3809 75
700 3745 752 3827 §1
777 3744 877 3805 πείθει
901 3739 978 3804 ὥστε
994 3742 1184 3822 ξυγχωρῆσαι
1207 3744 1274 3819 κρῖ-

199 3868 248 3905 ναι
272 3891 279 3904 .
301 3891 308 3905 .
333 3842 405 3918 τοδς
423 3846 449 3905 δ’
473 3843 583 3918 ἄλλους
606 3847 703 3910 οἰκεῖν,
747 3847 786 3924 V,
807 3846 846 3909 41
871 3844 934 3927 §2

284 3947 584 4031 ξυμφέρομαι*.·
607 3949 671 4028 ΠΙ,
694 3951 734 4014 65
758 3950 776 4032 ξ
794 3951 809 4012 1
832 3945 1059 4028 ξυνηνέχθησαν
1075 3941 1152 4004 ὥστε
1173 3940 1274 4004 ἀπαλ-

199 4047 373 4110 λάσσεσθαι
401 4097 409 4111 .
434 4099 440 4112 .
465 4099 471 4112 .
503 4059 568 4124 τοῖς
607 4050 639 4112 δέ
671 4051 899 4134 Καμαριναίοις
931 4050 1152 4132 Μοργαντίνην
1189 4043 1273 4110 εἶναι.

290 4273 315 4341 l)
335 4271 445 4341 Legitur
463 4276 600 4341 praeierea
618 4274 688 4341 apud
707 4273 874 4352 Herodotum
893 4268 1022 4341 ὁμολογίῃ
1040 4268 1200 4338 ἐχρήσαντο.
