3114 5002
748 313 808 375 100

251 481 301 544 vel
334 481 463 564 egerint.
520 481 581 546 Hic
615 505 689 546 usus
724 482 870 548 infinitivi
901 485 1047 567 genetivo
1081 486 1197 550 utentis
1229 486 1320 550 valde

250 584 418 668 singularis
447 586 635 668 repetendus
664 585 742 648 mihi
771 585 895 650 videtur
923 607 990 650 esse
1020 609 1057 650 ex
1078 588 1225 671 genetivo
1248 592 1321 671 post

251 687 348 751 verba
376 685 631 764 ξυνιπιλοβίοθαι
672 686 738 769 (IV,
761 688 801 750 47
831 686 892 773 ξ2.
929 687 984 766 VI,
1009 688 1131 771 7051.
1168 688 1256 767 VIII,
1278 691 1320 752 26

248 787 322 874 §LI
360 789 572 860 ’ξυνοναπείθιυ
602 788 686 871 (VII,
709 791 747 854 21
773 789 850 873 §3.)
892 791 1069 872 ξυναίρομαι
1099 791 1166 874 (IV,
1190 793 1229 856 10
1259 792 1318 874 §L

247 891 287 969 V,
310 893 351 956 28
373 893 440 974 §2l
463 892 575 975 positu,
597 892 651 974 qui
671 892 765 957 finem
787 893 837 957 vel
859 899 1004 957 eventum
1026 895 1199 958 communis
1215 895 1318 959 cuius-

247 996 318 1060 dam
341 995 471 1060 actionis
493 994 617 1059 indicat.

336 1097 468 1162 Elucere
491 1103 596 1161 autem
619 1097 698 1161 mihi
719 1097 842 1161 videtur
862 1097 952 1181 origo
975 1097 1069 1162 huius
1092 1121 1165 1164 usus
1188 1122 1226 1164 ex
1247 1099 1320 1178 VII,

247 1202 285 1265 21
316 1199 384 1285 §3:
423 1198 615 1272 ξυνοινέπειθε
647 1199 678 1260 δὲ
708 1201 757 1260 καὶ
786 1196 1031 1284 ὁῗΕρμοκράτης
1053 1198 1107 1281 οὐχ
1129 1199 1240 1282 ἣκιστα
1262 1207 1320 1264 τοῦ

247 1310 314 1376 ταῖς
345 1303 432 1364 ναυσὶ
464 1301 509 1383 μὴ
543 1300 685 1382 ἀθυμεῖν.
741 1303 868 1367 Codices
902 1309 975 1388 post
1006 1301 1140 1383 ἀθυμεῖν
1169 1307 1318 1371 exhibent

248 1404 452 1490 ἐπιχειρήσειν,
475 1404 748 1490 quodstahlius1)
771 1410 855 1470 recte
879 1406 969 1470 delet.
1012 1406 1049 1470 In
1072 1429 1108 1472 eo
1128 1413 1232 1472 autem
1246 1431 1318 1472 cum
1344 1460 1346 1462 -

246 1509 314 1574 viro
344 1509 524 1574 doctissimo
554 1509 658 1573 facere
679 1531 742 1572 non
773 1531 917 1592 possum,
956 1511 1040 1592 quod
1068 1510 1178 1575 scribit
1207 1508 1318 1584 αὐτοὺς

247 1619 314 1684 ταῖς
337 1613 424 1672 ναυσὶ
446 1611 492 1692 μὴ
516 1609 659 1690 ἀθυμεῖν,
682 1612 755 1695 quia
769 1613 830 1676 hoc
844 1612 913 1676 loco
929 1612 967 1676 de
982 1613 1128 1698 genetivo
1144 1615 1318 1678 communis

247 1715 379 1780 actionis
408 1715 543 1799 cogitari
571 1737 634 1778 non
663 1720 777 1798 posset.
820 1714 977 1798 Equidem
1003 1720 1079 1798 puto
1103 1715 1317 1801 Thucydidem

247 1819 307 1883 hoc
339 1819 409 1882 loco
447 1818 620 1902 respexisse
649 1818 689 1881 ad
717 1817 765 1894 id,
803 1818 887 1901 quod
924 1819 1182 1900 praecedentibus
1214 1820 1318 1884 verbis

245 1921 398 1998 narravit,
428 1919 597 2004 Gylippum
620 1919 832 2004 Syracusanos
864 1921 902 1983 ad
924 1942 1066 2006 pugnam
1085 1921 1228 1985 navalem
1250 1945 1318 1987 esse

118 2096 120 2100 ,
246 2025 472 2097 adhortatum„
498 2021 660 2086 Habemus
690 2023 789 2107 igitur
819 2023 974 2106 duplicem
1003 2024 1156 2088 actionem
1185 2025 1317 2089 eundem

245 2128 340 2192 finem
360 2131 528 2211 petentem,
551 2126 756 2208 quamobrem
772 2125 935 2209 genetivus
951 2148 1042 2190 suum
1057 2126 1161 2192 locum
1177 2129 1318 2216 obtinere

242 2230 322 2294 mihi
345 2230 475 2294 videtur.

334 2333 507 2416 Postquam
530 2331 635 2417 graeci
658 2330 774 2395 diutius
796 2330 890 2394 finem
912 2330 963 2394 vel
984 2335 1127 2396 eventum
1144 2335 1317 2398 communis

171 2451 175 2456 '
193 2435 197 2444 ’
244 2435 375 2499 actionis
391 2435 545 2499 infinitivo
560 2437 785 2517 expresserunt,
807 2433 961 2516 originem
976 2433 1049 2497 talis
1064 2457 1137 2499 usus
1152 2436 1316 2520 paullatim

246 2537 464 2602 obliviscentes
501 2537 534 2600 in
571 2537 717 2621 genetivo
748 2536 812 2600 vim
841 2537 967 2600 finalem
996 2537 1097 2601 inesse
1127 2544 1316 2622 putaverunt

245 2663 378 2725 eumque
399 2640 449 2704 vel
470 2643 538 2704 tum
560 2645 741 2723 posuerunt,
764 2661 834 2702 cum
857 2639 894 2702 de
915 2639 977 2704 fine
998 2641 1164 2706 cuiuslibet
1185 2644 1316 2708 actionis

244 2749 312 2808 erat
333 2742 573 2828 cogitandum.²)

330 2845 474 2911 Ceterum
511 2846 561 2909 hie
596 2845 760 2929 genetivus
793 2844 875 2908 inter
905 2845 1068 2910 duodecim
1097 2848 1239 2931 exempla
1267 2848 1315 2912 bis

242 2954 366 3014 tentum
383 2948 589 3014 affirmativus
609 2952 664 3025 est,
679 2947 864 3030 plerumque
879 2948 1035 3012 invenitur
1050 2973 1121 3014 cum
1139 2950 1314 3035 negatione.

241 3052 380 3117 Persona
401 3054 509 3117 eadem
531 3055 636 3116 manet
661 3048 843 3132 VHL14§
869 3051 883 3112 l
908 3048 1048 3125 πλέοντες
1077 3050 1159 3126 ὅσοις
1189 3076 1219 3114 τε
1248 3053 1315 3114 ἐπι-

245 3151 362 3235 τύχοιεν
385 3153 610 3235 ξυνελάμβοινον
632 3157 687 3214 τοῦ
707 3151 752 3232 μὴ
775 3151 942 3233 ἓξάγγελτοι
965 3152 1118 3234 γενέσθαι.

329 3259 404 3324 Alia
433 3281 547 3324 novem
577 3256 720 3339 exempla
748 3257 897 3341 negativa
926 3258 1136 3323 accusativum
1164 3260 1315 3342 praebent

245 3384 317 3425 cum
347 3362 518 3425 infinilivo:
559 3360 645 3437 L23
673 3357 692 3443 ξ
715 3362 733 3424 5
764 3365 819 3422 τοῦ
839 3359 885 3440 μή
913 3383 981 3420 τινα
1003 3359 1136 3441 ζητῆσαί
1154 3383 1236 3423 ποτε.
1274 3362 1314 3441 II,

244 3465 284 3527 22
308 3464 326 3546 ᾗ
345 3467 360 3529 l
385 3469 442 3526 τοῦ
461 3463 506 3544 μὴ
531 3461 606 3547 ὀργῇ
625 3485 652 3523 τι
665 3466 783 3540 μᾶλλον
800 3460 820 3543 ἢ
841 3459 947 3544 γνώμῃ
965 3462 1168 3538 ξυνελθόντοις
1182 3465 1313 3549 ἐξαμαρ-

242 3573 311 3628 τεῖν.
361 3567 400 3641 Π,
424 3569 464 3630 22
494 3566 546 3648 §l
580 3569 635 3626 τοῦ
670 3564 716 3645 μὴ
747 3563 937 3648 προδρόμους
976 3563 1037 3627 ἀπὸ
1074 3571 1129 3648 τῆς
1168 3571 1314 3652 στρατιᾶς

241 3665 443 3742 ἐσπίπτοντας
474 3667 502 3742 ἐς
530 3667 601 3742 τοὺς
624 3665 734 3750 ἀγροὺς
763 3667 832 3741 τοὺς
854 3666 939 3750 ἔγγὺς
961 3673 1015 3750 τῆς
1043 3667 1156 3743 πόλεως
1182 3693 1312 3753 κακουρ-

329 3859 354 3925 1)
373 3856 463 3925 Symb.
483 3857 545 3924 phil.
565 3855 649 3909 Bonn.
669 3871 693 3922 p.
707 3853 764 3908 388.

325 3943 350 4010 2)
369 3941 455 3998 Aliter·
477 3941 737 4010 NIpperdeyius
762 3941 795 3994 ad
816 3939 901 3994 Tacit:
930 3955 990 3994 ann.
1023 3940 1110 4008 11,59
1132 3943 1208 3996 dicit:
1241 3943 1312 4011 „Der

239 4030 351 4083 Genetiv
368 4029 465 4082 dnickt
482 4028 533 4080 den
551 4027 645 4080 Zweck
664 4026 711 4078 der
728 4025 873 4095 Handlung
890 4041 947 4078 aus.
983 4026 1133 4096 Eigentlich
1150 4028 1186 4081 ist
1203 4045 1232 4080 er
1250 4045 1311 4082 zum

238 4115 358 4168 Verbum
390 4115 439 4168 wie
468 4129 530 4166 zum
557 4111 712 4166 Substantiv
743 4112 847 4181 gefiigt‚
876 4127 923 4164 um
951 4112 993 4165 die
1020 4112 1236 4167 Beschaffeuheit
1264 4114 1312 4167 der

236 4199 380 4272 Handlung
398 4217 433 4254 zu
450 4199 636 4254 bezeichnen.“
