3108 5006
802 405 843 470 36

283 571 430 636 infinitivi
460 587 520 636 utu
551 577 669 638 cartam
698 597 797 657 paena
831 575 981 660 loquendi
1014 577 1270 642 consuetidinam
1307 600 1354 642 aa·

284 679 373 741 cutus
396 679 451 764 opt.

369 776 469 860 Saepo
492 777 575 845 anim
597 779 765 858 voeabula,
787 781 826 846 ad
850 781 935 864 quod
956 780 1128 846 infinitivus
1150 786 1198 846 est
1219 781 1354 848 referen-

283 881 358 957 dae,
394 880 458 944 iam
491 881 706 946 enuntiatione
738 883 870 948 relativa
903 882 1091 948 attributum
1124 884 1266 952 additum
1299 890 1354 950 eat.

282 981 352 1058 Qua
380 1003 413 1049 re
442 983 590 1060 efficitur,
620 989 656 1048 ut
681 984 870 1050 infinitivum
900 1007 937 1050 oo
960 986 1079 1050 maiore
1102 987 1198 1054 animi
1228 992 1354 1054 conten-

281 1087 368 1152 tione
398 1089 619 1168 exspectemus.
663 1085 760 1152 Velut
782 1086 810 1165 L
837 1089 897 1152 132
920 1091 938 1168 ξ
962 1089 981 1152 5
1000 1087 1151 1172 χρώμενοι
1180 1094 1224 1172 τῷ
1250 1087 1354 1174 τρόπῳ

282 1177 362 1272 ᾧτιερ
383 1184 535 1250 εἰώθεσαν
555 1187 585 1260 ἐς
605 1192 687 1270 σφοῖς
711 1187 830 1266 αὐτούς,
852 1189 897 1271 μὴ
921 1199 1020 1272 ταχεῖς
1041 1187 1125 1254 εἶναι.
1169 1192 1192 1271 L
1217 1194 1278 1258 138
1301 1195 1352 1272 §2

282 1289 333 1358 διά
357 1338 363 1351 .
388 1276 397 1351 .’
419 1337 426 1351 .
450 1289 507 1371 τὴν
530 1295 585 1352 τοῦ
602 1288 786 1371 Ἑλληνικοῦ
807 1294 922 1373 aaron,
944 1291 982 1374 ἣν
1002 1290 1141 1356 ὑπετίθει
1165 1293 1257 1380 αὐτῷ,
1281 1296 1353 1358 δου-

282 1391 397 1455 λώσειν.
442 1393 504 1471 ΠΙ,
529 1395 568 1458 13
592 1395 645 1473 §7
670 1393 726 1475 τήν
755 1419 786 1457 τε
817 1397 919 1467 αἰτίαν
942 1394 1167 1480 άντοφεώξεσθε,
1195 1396 1233 1478 ἢν
1254 1395 1353 1478 εὕρετε,

282 1496 327 1578 μὴ
342 1501 474 1578 βοηθεῖν
488 1503 552 1569 τοῖς
568 1493 796 1579 ἀφισταμένοις.
834 1498 889 1577 Ν,
911 1500 952 1563 85
975 1503 993 1579 ξ
1011 1502 1026 1564 1
1052 1499 1108 1581 τὴν
1124 1500 1225 1561 αἰτίαν
1240 1501 1353 1581 ἐπαλη-

282 1597 419 1662 θεάουσα
442 1596 480 1679 ἦν
502 1645 509 1658 .
533 1645 540 1659 .
564 1647 571 1660 .
594 1599 783 1683 προείπομεν,
805 1601 1033 1683 ἐλευθεροῦντες
1049 1600 1249 1683 τὴνἙλλάδα
1264 1608 1353 1665 σολε-

280 1701 398 1784 μήσειν.
449 1701 504 1780 Ν,
525 1703 566 1767 97
589 1705 647 1781 §3
672 1700 752 1786 ὕδωρ
781 1728 828 1780 τε,
859 1703 877 1766 ὃ
903 1695 940 1786 ἦν
966 1703 1131 1782 ἄψαυστον
1159 1705 1245 1788 σφίσι
1277 1705 1354 1786 πλὴν

283 1805 357 1890 πρὸς
380 1805 419 1867 τά
443 1801 521 1887 ἷερά,
540 1803 658 1887 χέρνιβι
677 1811 828 1896 χρῆσθαι.
841 1810 863 1892 ¹)

366 1909 498 1992 Saepius
535 1909 659 1986 accidit,
696 1915 731 1973 ut
764 1911 937 1976 infinitivus
972 1913 1012 1976 ad
1043 1911 1272 1975 nominativum
1305 1911 1353 1976 vol

282 2014 494 2078 accusativum
516 2012 713 2094 pronominis
741 2013 864 2078 relativi
886 2014 1067 2078 referendus
1088 2013 1136 2077 sit.
1179 2012 1278 2078 Velut
1299 2013 1353 2092 ΠΙ,

281 2118 322 2182 59
344 2117 399 2196 §3
423 2113 494 2196 ὅπερ
517 2113 549 2174 δέ
572 2111 746 2194 ἀναγκαῖον,
770 2114 860 2196 λόγου
883 2121 1033 2178 τελευτάν.
1064 2113 1118 2194 Ν,
1143 2116 1182 2179 13
1205 2114 1353 2194 §4013st

282 2217 298 2281 ὅ
319 2215 535 2298 διενοήθησαν,
559 2215 670 2300 φράξαι
694 2217 765 2292 τοὺς
787 2217 919 2296 έςιιλους,
944 2217 1048 2300 ἔτυχον
1071 2216 1261 2299 ποιήσαντες.
1297 2219 1354 2295 Ν,

283 2323 343 2386 125
359 2324 378 2402 ,6
394 2323 408 2385 l
427 2317 497 2404 ὅπερ
513 2323 598 2403 φιλεῖ
607 2319 726 2402 μεγάλα
743 2320 945 2404 στρατόπεδα,
969 2319 1098 2405 ἀσαφῶς
1113 2319 1352 2403 έκαλήγνυσθαι.

279 2425 367 2490 Idem
397 2424 555 2488 invenitur
580 2423 619 2502 V,
642 2426 662 2488 6
685 2427 743 2504 §3
775 2429 806 2489 et
834 2425 912 2503 Vll,
934 2426 975 2489 68
999 2427 1017 2504 ἓ
1038 2427 1065 2489 3.
1119 2425 1223 2491 Unum
1253 2431 1354 2492 exstat

281 2528 471 2610 exemplum,
504 2527 556 2590 ubi
578 2523 822 2605 substantivum,
852 2529 892 2592 ad
914 2529 999 2612 quod
1019 2528 1191 2594 infinitivus
1211 2530 1353 2608 refertur,

280 2630 465 2714 pronomina
496 2625 511 2690 ὃ
546 2627 638 2702 αὐτός
671 2631 849 2713 praeditum
882 2635 944 2696 eat:
977 2631 1004 2709 Ι,
1030 2631 1091 2695 140
1119 2633 1176 2710 §1
1211 2637 1265 2713 τῆς
1297 2631 1354 2711 μὲν

208 2765 209 2770 1
279 2729 432 2814 γνώμης.
519 2730 564 2796 ἀεὶ
588 2739 642 2814 τῆς
665 2730 760 2814 αὐτῆς
783 2732 899 2814 ὶγομαι,
921 2733 966 2814 μὴ
988 2732 1083 2796 alicam

364 2835 526 2903 Interdum
549 2835 746 2921 Thucydidas
777 2839 854 2914 duaa
876 2837 1024 2922 proponit
1048 2859 1098 2904 res
1120 2837 1275 2904 infinitivo
1301 2860 1353 2901 ax·

280 2961 412 3023 pressas,
437 2961 570 3025 quarum
592 2944 647 3004 aut
669 2941 853 3007 alterutram
876 2941 1014 3008 accidere
1037 2945 1085 3004 ast
1103 2941 1353 3025 exspectantium,

280 3047 317 3108 ut
338 3042 366 3120 Ι,
389 3043 430 3106 33
453 3045 471 3121 ξ
487 3043 523 3106 3:
544 3041 622 3122 μηδὲ
645 3043 729 3102 δυοῖν
748 3040 873 3125 φθάσαι
890 3039 1070 3126 ἁμάρτωσιν
1085 3039 1105 3123 ἢ
1119 3046 1255 3113 κακῶσαι
1272 3039 1354 3124 ἡμᾶς

281 3143 301 3226 ἢ
331 3148 412 3228 σφοῖς
441 3141 553 3218 αὐτοὺς
581 3142 820 3223 βεβαιώσασθαι
852 3150 883 3212 et
902 3145 956 3224 IV,
979 3146 1019 3210 28
1043 3149 1061 3226 ᾗ
1085 3147 1120 3210 5:
1150 3144 1353 3225 λογιζομένοις

280 3248 364 3310 θυοΐν
392 3243 526 3327 ἀγαθοῖν
557 3251 613 3310 τοῦ
643 3243 746 3330 ἑτέρου
777 3245 953 3324 τεύξεσθαι,
990 3246 1010 3328 ἢ
1041 3245 1182 3321 Κλέωνος
1211 3245 1352 3310 ἀπαλλα-

279 3348 433 3431 γήσεσθαι
454 3346 474 3429 ἢ
495 3350 764 3428 Λακεδαιμονίους
794 3351 880 3434 σφίσι
898 3346 1112 3434 χειρώσασθαι
1139 3351 1215 3432 (soii.
1239 3349 1352 3434 αὐτόν),

280 3458 335 3519 aut
362 3457 537 3541 utramque,
566 3457 602 3517 ut
631 3453 693 3532 ΠΙ,
715 3457 753 3518 57
780 3457 849 3534 §3:
873 3451 926 3516 δύο
951 3450 1071 3534 άγώνας
1100 3451 1171 3528 τοὺς
1192 3455 1352 3535 μεγίστους

279 3553 459 3635 ὑπέστημεν,
487 3554 556 3616 τότε
578 3554 643 3636 μέν,
665 3555 723 3638 τὴν
745 3554 834 3618 πάλιν
855 3558 881 3618 εἷ
902 3555 946 3637 μὴ
974 3554 1153 3638 παρέδομεν,
1181 3561 1261 3641 λιμῷ
1283 3558 1351 3619 δια-

280 3664 457 3742 φθαρῆναι,
486 3662 540 3720 νῦν
562 3657 593 3719 δέ
617 3657 759 3720 θανάτου
787 3659 946 3740 κρίνεσθαι
970 3663 1001 3723 et
1030 3657 1083 3736 Ν,
1107 3661 1146 3722 65
1170 3662 1239 3739 §52
1270 3661 1352 3722 ιλοοῖν

280 3760 415 3843 ἀγαθοῖν
437 3759 472 3823 οὐ
495 3759 682 3843 στερήσομεν
704 3760 760 3843 τὴν
783 3765 929 3841 Σικελίαν,
949 3759 1126 3841 Ἀθηναίων
1155 3785 1186 3824 τε
1211 3760 1351 3824 ἀπαλλα-

279 3867 367 3944 γῆναι
390 3865 440 3924 καὶ
461 3863 571 3924 οἰκείου
596 3863 761 3944 πολέμου*

363 3965 471 4031 Simile
500 3967 575 4051 quid
605 3967 763 4032 invenitur
784 3967 847 4046 ΠΙ,
870 3969 910 4032 66
934 3970 1005 4046 §22
1035 3967 1074 4029 τά
1102 3968 1159 4048 μέν
1183 3965 1275 4047 ὁμοῖα
1297 3966 1350 4030 οἷα

279 4066 464 4130 άντατιέιλοτε
486 4066 574 4152 ἡμῖν,
608 4067 686 4153 μήτε
715 4072 886 4154 νεωτερίσαι
918 4069 1009 4155 έργῳ,
1040 4069 1139 4152 λόγοις
1167 4096 1198 4133 τε
1222 4073 1348 4134 πείθειν.

365 4292 390 4362 1)
407 4291 482 4344 Idam
500 4290 630 4344 habemus
648 4293 719 4360 apud
739 4292 905 4348 Herodotum
923 4283 976 4360 111,
998 4293 1054 4346 147.
