3108 5006
793 419 812 484 2

270 611 341 655 rum
371 613 477 654 meum
505 613 572 655 esse
600 612 664 654 non
685 593 805 673 potest,
834 590 872 653 de
898 589 1020 674 origine
1044 595 1075 654 et
1096 590 1127 653 vi
1148 591 1276 674 propria
1298 593 1344 656 in-

272 694 385 758 finitivi
408 694 534 777 copiose
559 693 717 770 disserere,
740 715 832 776 quem
855 714 961 756 casum
977 693 1100 756 -sive
1120 693 1258 758 dativum
1280 695 1345 759 sive

270 797 441 862 locativum
456 795 521 860 sive
534 800 753 878 utrumque-
766 795 901 858 nominis
916 796 1053 860 verbalis
1064 796 1207 860 feminini
1222 798 1345 882 generis

271 923 339 964 esse
371 903 507 976 constat,
544 900 599 964 sed
641 899 807 982 exemplis,
840 921 920 981 quae
952 898 994 962 sit
1022 900 1162 982 syntaxis
1190 900 1345 977 infinitivi,

269 1003 435 1068 illustrare.
448 1001 471 1084 1)

356 1103 439 1168 Tota
467 1104 566 1189 igitur
587 1104 719 1168 materia
748 1104 780 1166 in
804 1104 880 1168 duas
903 1107 1008 1187 partes
1031 1105 1237 1187 amplitudine
1264 1106 1346 1170 inter

272 1232 305 1273 se
335 1208 473 1272 diversas
504 1207 716 1291 dispertienda
745 1207 823 1269 mihi
852 1206 975 1271 videtur
997 1229 1080 1271 esse:
1107 1208 1210 1290 priore
1237 1209 1275 1272 de
1297 1209 1343 1272 in·

271 1311 393 1376 finitivo
416 1311 482 1374 siue
506 1309 637 1374 articulo
661 1309 818 1394 agendum
842 1315 904 1386 est,
935 1309 1107 1394 posteriore
1130 1311 1167 1374 de
1190 1310 1343 1374 infinitivo

272 1437 343 1478 cum
366 1412 498 1476 articulo
514 1411 679 1476 coniuncto
704 1410 925 1477 disserendum.
970 1411 1032 1477 sed
1054 1417 1089 1476 ut
1111 1412 1244 1498 singulis
1267 1435 1344 1496 quo-

273 1540 333 1601 que
363 1515 458 1580 rebus
481 1513 613 1592 eluceat,
644 1537 723 1597 quae
751 1515 833 1578 ratio
855 1515 937 1580 inter
960 1515 1038 1579 duos
1062 1537 1140 1598 quos
1164 1515 1228 1580 dixi
1248 1515 1343 1598 scrip·

273 1625 357 1684 tores
386 1617 575 1694 intercedat,
604 1621 668 1680 tres
697 1617 776 1680 mihi
806 1617 1019 1684 observandae
1050 1624 1140 1684 erunt
1168 1640 1234 1682 res:
1265 1640 1344 1702 quae

273 1720 371 1786 habet
387 1719 585 1803 Thucydides
601 1719 775 1804 singularia
790 1725 883 1804 atque
898 1722 1033 1804 propria,
1049 1721 1196 1786 asterisco
1211 1719 1344 1785 notabo:

272 1824 328 1889 ubi
356 1846 428 1888 cum
451 1823 605 1886 Herodoti
627 1811 685 1885 usu
708 1823 877 1899 consentit,
906 1824 986 1887 nihil
1008 1825 1150 1888 addendo
1172 1825 1251 1887 hanc
1272 1845 1344 1888 con·

273 1927 450 2013 gruentiam
469 1923 669 2010 significabo:
693 1925 747 1988 ubi
769 1947 849 2008 quae
873 1923 1054 1991 Herodotus
1076 1927 1181 2003 habet,
1204 1949 1240 1990 ea
1262 1925 1345 2009 apud

274 2029 489 2113 Thucydidem
520 2050 584 2092 non
605 2026 768 2114 leguntur,
791 2029 899 2111 paucis
920 2030 1025 2094 verbis
1047 2029 1132 2094 illius
1154 2028 1345 2093 mentionem

273 2133 394 2197 faciam.
1234 2145 1235 2148 ’

693 2369 780 2462 Pars
815 2373 923 2489 prior.

358 2547 421 2626 De
448 2543 673 2626 infinitivo
698 2545 794 2628 sine
819 2546 1011 2628 articulo
1037 2546 1263 2646 usurpato.

315 2717 384 2803 §L
428 2715 482 2780 De
502 2715 724 2780 infinitivo
749 2740 822 2800 pro
852 2719 1097 2801 imperativo
1118 2715 1301 2802 posit0.²)

358 2835 420 2900 Hic
448 2858 539 2913 usus,
567 2858 661 2920 quem
691 2842 815 2901 constat
837 2860 854 2902 e
876 2838 907 2902 vi
929 2838 1081 2902 nominali
1109 2835 1256 2901 infinitivi
1279 2858 1346 2900 esse

274 2946 391 3016 ortum,
420 2938 691 3021 frequentissimus
719 2945 766 3004 est
794 2941 827 3003 in
849 2938 981 3005 Homeri
1003 2941 1200 3006 carminibus.
1243 2938 1346 3004 Hero·

276 3045 369 3107 dotus
385 3046 504 3125 septem
525 3041 603 3105 locis
618 3041 773 3106 infinitivo
793 3065 851 3126 pro
866 3043 1053 3126 imperativo
1075 3044 1174 3107 utitur
1195 3043 1228 3105 in
1250 3065 1344 3106 enun-

273 3142 665 3228 assumpsimus-(1,
681 3145 730 3208 ao.
764 3144 825 3223 ru,
841 3147 890 3208 35.
920 3143 974 3223 rv,
990 3147 1058 3209 iac.
1090 3143 1128 3222 v,
1143 3146 1191 3209 23.
1223 3141 1345 3223 visa

274 3247 347 3327 VII,
379 3247 446 3312 159.
496 3242 570 3323 VH,
599 3245 684 3327 209.)
736 3247 869 3312 Duobus
897 3247 975 3313 locis
1004 3247 1158 3313 infinitivo
1188 3247 1346 3332 praecedit

273 3351 477 3437 imperativus
505 3347 565 3425 III,
589 3350 657 3413 134.
702 3347 739 3427 V,
761 3351 811 3413 23.
861 3351 1042 3416 Promiscue
1069 3355 1259 3433 usurpantur
1287 3350 1344 3413 im·

274 3455 433 3541 perativus
456 3457 488 3516 et
510 3451 683 3516 infinitivus
705 3449 764 3529 ΠΙ,
788 3454 856 3516 155.
900 3452 1077 3518 infinitivus
1099 3475 1191 3517 sensu
1213 3453 1346 3537 optativi

275 3559 315 3623 ad
333 3556 459 3622 tertiam
482 3559 603 3639 spectat
616 3577 781 3638 personam
803 3553 841 3632 V,
866 3557 935 3620 105.
957 3592 998 3601 —
1020 3555 1115 3640 Apud
1131 3554 1345 3639 Thucydidem

274 3660 432 3725 invenitur
453 3657 625 3722 infinitivus
648 3681 706 3741 pro
728 3661 864 3724 secunda
886 3657 1063 3742 imperativi
1086 3658 1254 3740 singularis
1276 3680 1344 3741 per·

274 3785 352 3828 sona
366 3764 543 3845 usurpatus,
565 3760 672 3824 addito
694 3763 879 3844 pronomine
894 3761 1052 3846 personali
1074 3765 1106 3826 et
1125 3761 1251 3824 nomine
1273 3782 1345 3844 pro·

328 3997 331 4002 ·
363 3967 381 4034 ¹)
400 3965 432 4018 In
456 3963 586 4032 capitibus
614 3966 642 4017 et
666 3964 838 4034 paragraphis
863 3966 1048 4019 enumerandis
1070 3965 1180 4018 secutus
1203 3979 1264 4016 sum
1289 3963 1344 4016 edi-

277 4053 375 4106 tionem
395 4051 528 4118 Olasseni,
547 4050 593 4118 qui
611 4049 742 4117 Popponis
760 4051 927 4118 partitionem
945 4053 987 4103 est
1004 4050 1150 4117 amplexus.

362 4137 440 4206 ⁹)De
462 4139 518 4189 toto
540 4136 591 4189 hoc
614 4151 667 4188 usu
691 4136 781 4188 confer
803 4136 856 4188 Leo
881 4135 985 4204 Meyer:
1010 4136 1086 4204 „Der
1109 4136 1227 4190 Infinitiv
1247 4136 1275 4187 in
1298 4135 1346 4187 dcr

273 4223 460 4276 homerischen
478 4221 627 4289 Sprache,“
645 4238 669 4288 p.
689 4221 729 4275 29.
764 4221 852 4288 Jolly:
876 4221 1058 4288 „Gesohichte
1077 4224 1124 4276 des
1142 4222 1192 4276 Inf.
1210 4221 1247 4273 im
1265 4220 1344 4274 Indo-

273 4308 500 4380 germanischen“
518 4324 542 4374 p.
562 4307 620 4361 215.
