3114 5002
706 356 764 418 111

283 524 427 589 Ceterum
449 525 584 588 libenter
605 523 722 603 fateor,
744 526 841 590 alium
864 527 902 590 de
926 549 963 590 ea
988 548 1022 589 re
1045 526 1106 589 alia
1128 525 1270 608 proferre

198 649 290 711 posse
312 649 425 710 meque
446 627 480 691 in
500 626 559 690 hac
581 649 675 690 causa
696 628 895 694 diiudicanda
917 629 1012 692 etiam
1033 629 1175 692 codicum
1199 651 1269 693 auc·

197 731 326 795 toritate
350 731 546 814 aliquatenus
568 751 634 794 esse
656 737 844 813 permotum.

431 918 514 1000 §85
558 915 729 982 Accedit
752 919 799 982 ad
823 918 1039 983 dativum*

281 1035 387 1101 Unum
415 1037 571 1100 invenitur
600 1037 792 1120 exemplum,
822 1039 945 1121 dequo
972 1059 1079 1100 rursus
1102 1035 1162 1098 viri
1184 1035 1269 1099 docti

199 1139 288 1202 vaide
325 1139 519 1204 dissentiunt.
570 1137 676 1204 Etiam
706 1141 829 1204 codices
863 1140 967 1204 locum
996 1139 1081 1202 varie
1112 1138 1267 1202 exhibent.

196 1241 368 1306 Vaticanus
388 1247 493 1306 autem
509 1243 631 1308 scribit:
655 1242 731 1321 Vll,
746 1245 788 1306 36
803 1242 850 1324 §5
873 1247 914 1326 τῇ
929 1266 959 1304 τε
980 1238 1127 1324 πρότερον
1142 1237 1268 1325 ἀμαθίᾳ

103 1393 106 1400 .
196 1349 258 1403 τῶν
279 1348 472 1427 κυβερνητῶν
494 1343 625 1427 δοκούσῃ
647 1339 721 1406 εἶναι
745 1344 781 1406 τὸ
792 1345 815 1428 1)
838 1343 1028 1428 ἀντίπρωρον
1048 1344 1237 1424 myrtatum.

282 1447 447 1512 Classenus
468 1449 619 1512 hocloco
641 1449 765 1526 scribit,
794 1454 963 1534 postquam
984 1449 1102 1514 frustra
1124 1447 1164 1509 ad
1187 1445 1268 1508 diffi-

198 1551 347 1615 cultatem
374 1550 556 1616 solvendam
584 1550 671 1614 locos
698 1551 728 1630 Ι,
751 1553 791 1615 32
815 1551 869 1633 §4
903 1556 934 1616 et
963 1551 995 1629 Ι,
1018 1550 1057 1613 41
1080 1545 1134 1632 §2
1166 1547 1269 1612 afferri

197 1653 290 1731 dixit,
321 1657 366 1738 τῷ
393 1651 583 1735 ἀντίπρωρον
613 1653 802 1736 ξογκροῦοαι.
850 1654 1020 1719 Boehmius
1043 1650 1083 1716 ad
1103 1651 1267 1715 lectionem

96 1765 98 1768 ’
196 1754 232 1816 τὸ
254 1757 421 1820 tenendam
444 1757 534 1820 affert
556 1754 627 1833 Vll,
650 1755 690 1820 67
714 1757 732 1838 ξ
750 1759 777 1834 1,
799 1758 886 1822 cuius
909 1757 1063 1820 rationem
1083 1753 1177 1818 aliam
1201 1777 1267 1818 esse

196 1882 291 1944 supra
313 1859 384 1924 dixi.
421 1858 534 1922 Melius
556 1863 660 1922 autem
684 1858 770 1936 Vffl,
793 1859 833 1923 87
857 1860 919 1942 §3,
942 1860 979 1923 de
1002 1880 1064 1942 quo
1089 1857 1182 1920 modo
1206 1856 1267 1920 dis·

195 1962 317 2045 putavi,
346 1962 539 2026 afferendum
560 1961 699 2040 videtur,
729 1963 814 2045 quod
838 1985 874 2027 eo
897 1984 1022 2047 quoque
1052 1960 1122 2023 loco
1146 1959 1267 2024 codices

196 2063 406 2128 accusativum
436 2062 471 2123 τὸ
501 2063 657 2128 exhibent.
706 2065 823 2128 Mirum
851 2070 949 2142 esset,
979 2065 1006 2128 si
1036 2068 1169 2147 utroque
1197 2063 1267 2127 loco

194 2167 316 2230 librarii
338 2167 448 2230 eodem
471 2166 564 2229 modo
587 2168 807 2250 peccavissent
845 2167 997 2244 Ceterum,
1020 2188 1091 2231 cum
1114 2165 1267 2246 ἀντίπροι-

196 2293 250 2352 ρον
265 2270 316 2334 vix
331 2269 471 2334 adverbii
484 2268 553 2333 loco
571 2275 755 2353 usurpatum
770 2293 837 2336 esse
851 2270 1044 2348 crediderim,
1060 2292 1097 2333 ex
1112 2269 1269 2354 Kiuegeri

196 2371 374 2436 coniectura
397 2376 441 2454 τῷ
463 2369 646 2454 ἀντίπρωροι
666 2373 844 2454 &synnodum
867 2373 1095 2436 nominativum
1114 2370 1268 2456 ἀντίπρω-

196 2498 242 2558 ροι
267 2476 404 2540 desumo.

281 2577 416 2642 Exstant
450 2583 612 2662 praeterea
646 2577 725 2642 aliae
755 2578 1004 2655 emendationes,
1032 2579 1125 2650 ¹velut
1154 2577 1268 2641 Stahlii

196 2677 375 2764 ἀντιπρώρῳ
402 2677 588 2762 ξογκρούοει,
618 2681 772 2764 Madvigii
803 2680 883 2762 (adv.
905 2679 935 2758 Ι,
958 2681 1034 2764 330)
1064 2683 1093 2752 ἐς
1122 2679 1158 2742 τὸ
1182 2677 1267 2740 ἀντί-

196 2807 318 2866 πρωρον
339 2781 527 2866 macedon,
549 2783 663 2867 quibus
685 2804 746 2866 ego
769 2783 913 2846 assentiri
934 2805 996 2846 nou
1017 2806 1154 2866 possum.

283 2989 307 3054 1)
326 2987 378 3038 τὸν
393 2987 421 3039 in
439 2986 498 3039 aliis
519 2985 655 3039 codicibus
677 2989 778 3053 exstat,
797 2989 837 3051 τῷ
855 2984 882 3036 in
900 2983 982 3037 nullo.
