3114 5002
754 440 813 503 102

246 611 364 686 μᾶλλον
386 604 570 687 ἡγησάμενοι
597 605 618 688 ἢ
639 607 675 669 τὸ
698 607 833 682 ἐνδόντες
853 605 1016 693 σῴζεσθαι.
1062 611 1152 676 Hane
1173 611 1200 676 si
1222 613 1318 696 serip-

246 714 349 774 turam
364 710 544 788 retinemus,
565 716 684 790 μᾶλλον
699 708 884 791 ἡγησάμενοι
901 712 983 777 idem
998 719 1080 778 esset
1095 715 1180 798 quod
1194 712 1319 776 κάλλιον

248 809 449 892 ἡγησάμενοι,
481 814 513 878 id
536 815 620 898 quod
641 814 805 880 Dobreeus
827 815 892 899 legi
914 816 989 880 vult.
1035 817 1190 901 Kruegeri
1214 819 1319 882 versio

247 917 426 994 „nschdem
448 917 493 981 sie
508 917 660 982 vielmehr
675 918 808 981 erkennt
822 919 886 982 und
901 920 1035 1002 gesucht
1045 923 1060 952 “
1084 916 1182 1003 accipi
1202 921 1319 1004 nequit,

247 1017 362 1083 Omnes
386 1025 490 1084 autem
512 1019 666 1084 tolluntur
688 1019 904 1098 difficultates,
935 1022 961 1084 si
991 1044 1062 1085 cum
1083 1022 1237 1086 Boehmio
1259 1047 1319 1107 pro

247 1121 279 1181 ἓν
301 1117 386 1205 αὐτῷ
407 1123 572 1187 scribimus
595 1117 720 1182 ἕαοτοῖν.
759 1120 841 1186 Tum
863 1123 908 1188 its
929 1128 976 1188 est
989 1125 1246 1190 construendum:
1267 1128 1317 1186 nat

249 1220 434 1304 ἡγησάμενοι
463 1228 583 1304 μᾶλλον
612 1219 729 1286 ἑαυτῶν
766 1223 843 1308 (scil.
874 1220 961 1308 sivae)
994 1225 1028 1288 τὸ
1060 1224 1233 1305 ἀμύνεσθαι
1269 1231 1318 1290 καὶ

247 1330 361 1388 παθεῖν
392 1324 412 1407 ἢ
441 1326 476 1389 τὸ
507 1325 640 1400 ἐνδόντες
669 1325 822 1410 σῴζεσθαι
880 1328 1102 1394 Nominativus
1124 1328 1258 1404 ε’νόόντες
1280 1334 1321 1397 ed

248 1425 365 1490 ἑαυτοῖν
402 1431 519 1496 relatus
551 1430 708 1495 offendere
744 1453 806 1496 non
838 1436 958 1516 potest,
996 1431 1049 1494 cfr.
1080 1432 1119 1510 V,
1142 1434 1181 1496 41
1205 1434 1258 1516 §2
1288 1439 1321 1499 et

247 1531 341 1610 VIII,
364 1534 424 1596 104
445 1531 508 1617 §4

332 1634 400 1700 Iam
415 1659 464 1700 me
480 1640 628 1701 converto
644 1637 684 1700 ed
699 1636 795 1700 verbs
810 1636 990 1720 genetivum
1005 1639 1155 1722 regentia.
1190 1639 1320 1724 Legitur

215 1767 216 1772 ¹
250 1741 336 1805 solus
356 1739 543 1804 infinItivus:
573 1739 602 1817 Ι,
625 1741 664 1803 76
685 1736 738 1823 §2
762 1743 817 1800 τοῦ
836 1737 881 1818 μὴ
904 1737 995 1800 πλέον
1017 1737 1090 1820 ἔχειν
1117 1738 1318 1824 ἀπετράπετο.

248 1841 304 1921 IV,
326 1843 368 1906 34
389 1839 444 1926 §8
467 1839 702 1924 άποκεκλῃμὲνοε
733 1840 789 1918 μὲν
818 1845 858 1923 τῇ
880 1838 949 1918 dufer
972 1846 1030 1903 τοῦ
1050 1849 1193 1927 προορᾶν.
1238 1845 1320 1922 V,9

248 1944 311 2027 ἐξ).
354 1943 580 2027 V11‚21§3.
617 1943 857 2025 VssLsegn
897 1943 991 2022 VIII,
1016 1945 1160 2031 106§2.
1197 1948 1320 2013 Prae·

249 2047 426 2112 dicatum
443 2048 572 2113 secedit:
594 2048 640 2126 II,
657 2049 697 2112 65
713 2045 781 2130 §10
798 2043 968 2128 ὀρεγόμενοι
985 2051 1041 2109 τοῦ
1058 2053 1177 2132 πρῶτος
1191 2048 1319 2123 ἕκαστος

252 2150 419 2231 γίγνεσθαι.

333 2252 440 2317 Verba
456 2252 595 2316 dativum
610 2251 767 2336 regentis:
789 2249 849 2328 111,
873 2252 893 2314 3
915 2250 933 2332 ξ
952 2253 967 2315 1
986 2251 1090 2330 μεῖζον
1106 2251 1196 2336 μέρος
1212 2253 1319 2332 νέμον-

248 2380 297 2430 τες
318 2359 364 2438 τοῖ
388 2354 433 2435 μὴ
454 2351 624 2431 portensas
648 2351 758 2433 ἀληθῆ
784 2348 869 2414 εἶναι.
914 2354 976 2432 III,
1000 2357 1040 2419 38
1064 2353 1115 2439 §l
1141 2361 1185 2439 τῷ
1207 2361 1321 2418 παθεῖν

250 2456 296 2520 ὅτι
321 2453 474 2538 ἐγγυτάτω
498 2456 641 2534 κείμενον.
685 2455 740 2533 ΠΙ,
762 2457 803 2520 38
824 2454 885 2541 §2

248 2647 332 2730 576.
378 2645 651 2711 Accusativus
674 2665 758 2708 oum
780 2643 1002 2710 infinitivo
1029 2667 1113 2710 cum
1137 2645 1318 2710 articulo

614 2748 763 2830 pendet
785 2771 803 2810 e
825 2747 957 2811 verbe.

332 2866 440 2932 Unum
460 2871 584 2931 tentum
605 2866 710 2932 inveni
731 2868 915 2950 exemplum.
959 2867 1148 2932 Accusativo
1171 2889 1241 2931 cum
1272 2867 1319 2930 in-

247 2971 369 3036 finitivo
384 2995 447 3036 une
462 2971 584 3035 exsist't
598 2969 695 3048 notio,
718 2993 797 3052 quse
812 2993 884 3034 cum
899 2970 1095 3034 substantivo
1112 2969 1316 3053 componitur.

248 3072 378 3157 Legitur
406 3070 482 3151 VH,
505 3075 546 3136 68
569 3072 638 3154 §3:
667 3072 745 3152 μηδὲ
777 3069 812 3134 τό
844 3069 1009 3145 άκινδόνονς
1039 3070 1184 3133 ἀπελθεῖν
1206 3069 1318 3144 αὐτοὺς

247 3173 351 3258 κάρδος
373 3176 495 3254 νομίσαι
517 3173 613 3258 (χρή).

494 3363 577 3444 su.
622 3315 840 3426 orsiesius
864 3361 1072 3425 abundas*

333 3481 434 3566 Supra
456 3483 698 3547 commemoravi
718 3481 906 3546 infinitivum
935 3480 1103 3564 aliquando
1129 3481 1260 3546 articulo
1283 3479 1318 3543 τὸ

248 3607 314 3648 esse
344 3586 521 3670 praeditum
552 3586 741 3669 etismpost
763 3585 932 3660 esserto,
961 3605 1041 3666 quae
1070 3605 1140 3647 cum
1164 3585 1248 3648 nudo
1269 3585 1316 3649 in·

247 3687 368 3752 finitivo
398 3693 530 3772 possunt
559 3688 714 3772 coniungi.
760 3687 854 3752 Cuius
876 3686 922 3750 rei
944 3708 1006 3749 una
1029 3689 1076 3748 est
1098 3708 1207 3764 cause,
1235 3689 1319 3770 quod

247 3793 355 3854 auctor
369 3791 529 3854 notionem
552 3789 705 3854 infinitivo
722 3812 899 3873 expressam
922 3787 1039 3852 maiore
1063 3810 1134 3854 cum
1156 3790 1187 3852 vi
1211 3791 1319 3854 efferre

247 3893 321 3956 vult.
367 3891 557 3976 Thucydidis
578 3899 683 3957 eutem
706 3892 784 3956 alius
808 3892 902 3956 huius
935 3889 1058 3954 articuli
1080 3914 1154 3956 usus
1178 3898 1226 3956 est
1246 3915 1317 3976 pro·

247 3995 334 4078 prius
356 4000 429 4078 post
450 3997 546 4060 verbs
568 3995 774 4079 impediendi,
797 3995 997 4080 seiungendi‚
1022 3995 1242 4074 commorandi,
1263 3995 1318 4058 ubi

246 4099 377 4162 articulo
392 4097 471 4162 nihil
494 4098 554 4162 nisi
569 4098 719 4162 transitus
743 4098 782 4161 ed
796 4098 985 4162 infinitivum
1007 4097 1051 4162 fit.
1095 4096 1146 4160 Sic
1166 4098 1316 4181 legimus:

245 4199 292 4279 H,
314 4202 353 4264 81
378 4201 396 4282 ἓ
415 4201 435 4264 4
457 4197 519 4261 οὔτ’
534 4198 658 4280 ἐπέσχον
681 4199 715 4260 τὸ
740 4197 946 4283 στρατόπεδον
966 4203 1151 4277 καταλαβεῖν
1172 4199 1222 4282 (ex
1247 4199 1316 4265 aliis

246 4303 395 4389 exemplis
409 4303 558 4388 sequitur,
581 4303 745 4368 articulum
770 4325 839 4368 cum
862 4304 1017 4369 infinitivo
1041 4325 1108 4368 esse
1124 4302 1314 4385 coniungen-
