3114 5002
799 334 850 400 ,86

377 506 450 572 Uno
470 508 540 572 loco
555 506 728 572 infinitivus
750 528 821 570 cum
844 504 913 586 ιιρίν
928 503 1110 570 coniunctus
1133 505 1276 570 attributi
1297 506 1368 570 vice

293 610 445 694 fungitur,
468 610 524 688 IH,
545 611 586 674 64
609 612 663 688 §3
685 607 742 690 τὴν
764 607 938 669 τελευταίαν
963 631 994 667 τε
1018 608 1088 690 πρὶν
1115 607 1367 692 σεριτειχίζεσθαι

295 709 461 794 πρόκλησιν
483 759 490 772 .
513 759 520 772 .
545 709 599 774 οίικ
621 709 768 791 ἓδίχεσθε.
781 709 804 792 ¹)

378 815 408 879 A
430 815 541 900 regula
561 813 728 898 principali
743 814 892 878 abhorret
913 811 952 890 V,
977 814 1016 877 10
1041 813 1107 892 §3:
1130 809 1166 874 οιί
1180 810 1370 892 βουλόμενος

293 915 378 999 μοίχῃ
401 916 646 997 διαγωνίσασθαι
677 916 746 999 πρίν
775 914 803 976 οἳ
831 915 880 976 καὶ
902 911 973 986 τοὺς
994 912 1133 994 βοηθοὺς
1155 912 1245 995 ἥκειν.
1290 917 1369 982 Cleo

294 1024 366 1084 ante
395 1020 551 1084 sociorum
574 1020 741 1084 adventum
765 1017 959 1082 committere
980 1018 1135 1100 proelium
1161 1017 1269 1082 noluit.
1313 1017 1368 1082 In·

233 1149 236 1155 ·
294 1123 433 1188 finitivus
463 1123 584 1207 positus
614 1127 677 1199 est,
707 1121 791 1205 quod
821 1121 894 1185 Cleo
922 1120 1095 1199 nesciebat,
1121 1126 1226 1186 utrum
1249 1121 1372 1186 auxilia

295 1226 356 1289 sibi
370 1231 473 1290 essent
488 1226 696 1309 exspectanda
711 1245 822 1288 necne:
841 1246 869 1287 s1
860 1223 1012 1287 verbum
1031 1224 1155 1288 finitum
1175 1229 1257 1289 esset
1277 1245 1371 1290 usur·

296 1333 406 1411 patum
415 1327 654 1412 ,Thucydides
689 1328 804 1392 diceret
790 1325 986 1390 tCleonem
1018 1332 1119 1392 certos
1154 1328 1192 1392 de
1229 1328 1371 1392 adventu

296 1431 452 1494 sociorum
475 1435 601 1514 exspect
587 1431 683 1495 tando
705 1434 783 1494 nunt
784 1429 831 1492 ios
854 1429 1016 1511 accepisse.

380 1533 451 1597 Duo
481 1537 604 1596 exstant
634 1533 776 1616 exempla
804 1531 835 1610 Ι,
868 1534 908 1595 39
933 1533 985 1610 §2
1017 1535 1048 1596 οΙ
1034 1530 1098 1609 Ι,Ι
1122 1533 1163 1595 68
1187 1533 1254 1610 ξ2,
1284 1554 1372 1615 quae

294 1636 423 1718 regulae
456 1657 639 1718 oppugnare
666 1634 821 1698 Sturmius
851 1639 923 1698 cont
909 1634 1017 1698 tendit.
1061 1634 1182 1698 Eodem
1210 1634 1291 1698 ratio
1317 1640 1373 1700 est

296 1739 518 1821 exemplorum.
559 1736 582 1815 Ι,
607 1738 647 1800 39
671 1739 726 1816 §2
751 1727 881 1799 οὗτοιιΙ’
905 1734 940 1798 οὐ
963 1739 1032 1819 πρὶν
1054 1741 1222 1818 πολιορκεῖν
1247 1735 1282 1798 τὸ
1298 1760 1373 1818 χω-

296 1841 374 1922 ρίον,
405 1838 469 1902 ἀλλ’
496 1837 598 1920 ἐπειδὴ
623 1836 777 1920 ἡγήσαντο
801 1837 883 1920 ἡμᾶς
905 1836 941 1900 οὗ
964 1837 1187 1922 περιόψεσθαι,
1219 1836 1285 1900 τότε
1314 1843 1372 1901 καὶ

260 1975 263 1982 ¹
296 1941 332 2004 τὸ
354 1940 494 2026 εὐπρεπὲς
516 1948 573 2023 τῆς
593 1944 678 2023 δίκης
695 1942 880 2026 παρέσχοντο
902 1948 933 2007 et
956 1942 985 2020 Ι,
1008 1944 1049 2006 68
1073 1945 1143 2022 §22
1163 1943 1213 2004 καὶ
1235 1942 1272 2003 δι’
1289 1939 1372 2004 αιίτό

298 2043 333 2107 οὗ
355 2047 424 2130 πρὶν
447 2044 584 2126 πάσχειν,
608 2044 672 2108 ἀλλ’
695 2045 796 2126 ἐπειδὴ
819 2047 850 2106 ἓν
872 2049 916 2129 τῷ
937 2043 1011 2127 ἔργῳ
1034 2043 1133 2124 iupis,
1155 2042 1225 2117 τοὺς
1245 2043 1373 2124 ’ξυμμά-

292 2145 757 2232 ffimnfflmnmmfflwm
810 2146 1373 2231 fflmnWQfflmpMnmhss

296 2251 373 2316 locis
406 2253 503 2316 verba
533 2253 625 2329 facit,
657 2275 751 2335 quam
784 2274 863 2336 opus
897 2272 964 2315 esse
996 2249 1075 2313 mihi
1107 2249 1237 2316 videtur.
1280 2252 1374 2317 Dicit

298 2355 380 2418 enim
410 2355 610 2438 negationem
641 2359 713 2419 ante
735 2355 805 2436 πρίν
826 2354 962 2437 positam
990 2376 1053 2417 non
1075 2375 1142 2418 esse
1164 2376 1284 2434 veram,
1312 2357 1374 2420 sed

300 2480 356 2541 per
371 2461 471 2522 artem
486 2457 717 2540 quodammodo
733 2457 892 2521 inductam
900 2461 1031 2521 :totum
1050 2479 1117 2520 esse
1132 2479 1231 2541 genus
1245 2459 1374 2524 dicendi

297 2561 370 2624 rhet
356 2560 497 2624 turicum.
532 2559 599 2624 Iam
621 2582 685 2624 non
699 2559 799 2637 video,
822 2580 876 2622 cur
891 2563 1022 2642 uterque
1044 2559 1077 2624 in
1099 2561 1373 2645 retammsimplici

299 2663 448 2728 haeserit:
422 2666 567 2746 ttnega
568 2663 599 2726 io
622 2686 658 2724 oo
679 2685 742 2726 non
764 2662 895 2726 verbum
916 2683 1028 2746 regens
1056 2667 1165 2747 negat,
1195 2665 1249 2728 sed
1271 2687 1372 2730 enun-

298 2767 411 2830 tiatum
442 2790 461 2830 a
489 2765 558 2847 πρίν
587 2765 753 2848 incipiens,
782 2765 815 2828 id
844 2765 929 2849 quod
958 2764 1030 2829 inde
1053 2766 1170 2844 elucet,
1200 2767 1283 2850 quod
1305 2767 1374 2832 alia

298 2869 448 2952 temporis
478 2868 618 2933 definitio
649 2868 803 2952 particula
829 2867 1025 2931 adversativa
1047 2863 1125 2928 ἀλλά
1147 2868 1273 2933 inducta
1294 2869 1373 2934 huic

299 2971 397 3056 priori
418 2971 569 3054 temporis
591 2971 764 3036 definitioni
786 2975 833 3035 est
856 2969 1008 3053 opposita.
1053 2968 1155 3046 Quare
1177 2972 1303 3057 negatio
1328 2974 1373 3037 ad

300 3074 564 3138 constructionem
586 3074 757 3157 particulae
780 3073 849 3155 πρίν
871 3071 997 3136 omnino
1020 3095 1083 3136 non
1104 3075 1247 3156 pertinet.

385 3176 453 3242 Iam
475 3175 638 3241 dicendum
659 3176 738 3240 mihi
766 3181 813 3240 est
799 3176 879 3240 tde
902 3175 972 3256 πρίν
992 3197 1063 3239 cum
1083 3175 1236 3242 infinitivo
1259 3177 1371 3241 coristi

300 3281 474 3345 coniuncto.
533 3277 618 3343 Inter
656 3279 886 3364 quinquaginta
918 3278 1060 3362 exempla
1090 3302 1185 3343 uuum
1212 3279 1371 3344 invenitur

300 3387 372 3468 post
386 3381 631 3448 enuntiationem
653 3404 725 3446 vere
747 3385 843 3465 negat
843 3381 934 3444 ivam.
971 3380 1112 3446 Primum
1133 3381 1211 3446 mihi
1234 3382 1271 3445 de
1290 3381 1369 3446 locis

301 3485 405 3550 dubiis
425 3485 475 3549 vel
496 3485 625 3568 regulae
648 3485 812 3549 contrariis
834 3484 990 3568 agendum
1013 3489 1068 3548 est.

384 3586 564 3674 Wagnerus
597 3592 628 3652 et
660 3587 816 3652 Sturmius
848 3587 953 3651 locum
985 3587 1062 3666 VH,
1085 3590 1126 3652 50
1149 3588 1207 3666 §4
1239 3586 1369 3672 regulae

301 3689 493 3754 contrarium
521 3712 587 3754 esse
608 3691 806 3756 contendunt.
849 3689 977 3774 Legitur
1003 3691 1053 3750 καὶ
1076 3685 1092 3751 ὁ
1115 3689 1225 3762 Νικίας
1246 3687 1307 3750 οὐδ’
1331 3687 1370 3750 ἂν

302 3787 584 3870 διαβουλεύσασθαι
608 3790 650 3854 ἔτι
674 3791 741 3876 ἔφη,
765 3793 842 3875 πρίν,
865 3789 906 3864 ὡς
929 3791 957 3854 οἱ
978 3791 1102 3872 μάντεις
1118 3794 1283 3873 ἐξηγοῦντο,
1304 3795 1371 3875 τρίς

302 3893 385 3956 ἒννία
399 3891 514 3976 ἡμέρας
534 3902 644 3973 μεῖναι,
668 3892 749 3968 ὅπως
772 3893 809 3956 ι’ίν
831 3891 976 3979 πρότερον
998 3896 1147 3976 κινηθείιγ.
1191 3896 1370 3960 Difficultas

301 3998 393 4063 facile
420 3997 558 4075 tollitur,
587 3998 613 4061 si
642 4021 711 4062 cum
744 4000 913 4064 scholiasta
934 3999 1123 4082 positionem
1146 3998 1369 4062 enuntiationis

389 4219 414 4288 1)
433 4217 465 4277 cf,
484 4216 534 4276 Th.
554 4215 753 4274 Forsmann:
771 4219 788 4274 l.
809 4235 830 4273 ο.
848 4235 873 4288 p.
886 4219 927 4273 53.
