3108 5006
724 371 765 435 43

215 537 332 602 πόλεων
354 540 618 622 ἐπαγγελλομένων
639 542 688 604 καί
713 539 815 604 adroic
837 541 1044 622 ξομπολεμεῖν.
1078 541 1148 622 VII,
1163 544 1202 608 51
1231 546 1285 625 §l

214 639 255 716 ὡς
275 645 325 704 καί
349 641 451 706 αιίτων
472 641 704 726 κατεγνωκότων
727 641 786 724 η’δη
807 641 915 723 μηκέτι
937 642 1120 726 κρεισσόνων
1142 640 1227 707 εἶναι.

301 747 369 812 lam
399 753 572 832 sequuntur
608 751 758 832 quattuor
787 747 862 824 loci,
895 747 1009 830 quibus
1040 747 1239 833 Thucydides
1270 774 1288 814 a
1375 733 1377 740 ¹

213 854 299 915 certa
319 850 432 934 regula
454 851 619 915 aberravit.
664 850 736 913 Duo
758 853 832 932 post
854 851 1089 916 antecedentem
1108 851 1288 937 genetivum

212 952 372 1037 participii
395 953 606 1018 accusativum
627 952 799 1038 praedicati
817 951 974 1031 exhibent,
997 955 1081 1038 quod
1095 977 1159 1018 non
1174 954 1290 1018 mirum

213 1055 375 1146 videbitur
410 1055 650 1140 respicientibus
688 1055 796 1132 nobie,
830 1054 913 1120 hunc
942 1078 1049 1122 casum
1076 1058 1127 1122 vel
1154 1057 1290 1122 maxime

212 1159 378 1242 proprium
408 1181 475 1223 esse
505 1157 686 1239 infinitivi.¹)
731 1157 893 1242 Leguntur
920 1160 1063 1244 exempla
1081 1159 1137 1238 IV,
1159 1161 1199 1224 30
1219 1161 1287 1240 §2:

211 1265 273 1322 τῶν
295 1260 326 1321 δέ
354 1264 551 1343 στρατιωτῶν
574 1257 834 1340 ἀναγκασθέντων
856 1260 907 1322 διδ
929 1261 987 1343 τὴν
1009 1263 1210 1344 στενοχωρίαν
1232 1267 1288 1343 τῆς

211 1361 304 1442 νήσου
335 1372 399 1438 τοῖς
426 1361 564 1444 ε’σχοίτοις
593 1363 810 1447 προςίσχοντας
840 1359 1109 1446 ἀριστοποιεῖσθαι
1141 1372 1173 1430 et
1200 1365 1288 1444 VIII,

210 1467 251 1532 27
274 1468 328 1547 §l
361 1465 554 1545 βουλομένων
585 1469 647 1527 τῶν
676 1463 884 1548 ξαναρχόντων
907 1463 1131 1548 ὑπομείναντας
1161 1467 1288 1528 διαναυ-

211 1578 328 1650 μαχεΐν.

293 1672 462 1737 Difficilius
492 1694 529 1736 ea
556 1676 628 1736 sunt
648 1672 855 1758 intelligenda
878 1673 1051 1751 enuntiata,
1082 1695 1161 1757 quae
1185 1672 1287 1736 nomi·

208 1775 350 1840 nativum
372 1779 445 1859 post
474 1774 708 1839 antecedentem
731 1776 912 1860 genetivum
934 1775 1098 1853 exhibent,
1129 1775 1218 1840 cuius
1240 1775 1289 1840 rei

209 1879 294 1963 apud
324 1877 522 1942 Herodotum
550 1877 723 1961 exemplum
753 1879 911 1943 invenitur
939 1877 994 1956 IV,
1018 1878 1087 1942 137.
1138 1877 1287 1962 Legimus

209 1981 248 2060 V,
270 1983 310 2046 41
334 1983 389 2060 §2
418 1978 521 2042 iberra
553 1977 640 2041 δὀὐκ
667 1978 787 2041 ἒιίντων
815 1980 1075 2060 Λακεδαιμονίων
1103 1983 1286 2061 μεμνῆσθαι

210 2085 275 2166 περὶ
307 2081 419 2164 αὐτῆς,
450 2081 513 2144 ιἰλλὶ
538 2084 565 2144 εί
594 2079 757 2161 βούλονται
789 2082 975 2146 σπένδεσθαι
1006 2081 1107 2166 ὥσπερ
1129 2081 1285 2166 πρότερον,

210 2183 327 2267 ἑτοῖμοι
358 2182 432 2250 είναι
462 2185 538 2268 (scil.
561 2175 721 2268 λεγόντων)
754 2191 786 2250 et
814 2186 901 2263 VIII,
927 2188 988 2250 104
1009 2188 1065 2267 §4
1087 2185 1286 2267 ἐπειγομένων

209 2289 241 2351 δέ
263 2294 326 2351 ταῖν
341 2288 596 2367 Πελοποννησίων
618 2286 764 2371 πρότερόν
786 2313 817 2350 τε
837 2289 981 2369 ξομμίξαι
1004 2291 1053 2352 καὶ
1076 2289 1157 2351 κατὰ
1178 2288 1235 2369 μέν
1250 2287 1286 2350 τὸ

209 2391 305 2466 δεξιὸν
333 2397 395 2454 τοῖν
416 2389 590 2472 Ἀθηναίων
619 2388 817 2474 δπερσχόντες
847 2389 933 2454 αὐτοὶ
965 2397 1010 2476 τῷ
1031 2389 1175 2477 εὐωνύμῳ
1206 2391 1286 2454 ἀποὲ

209 2499 329 2579 κλῇσαι.

294 2598 364 2663 Hac
399 2603 573 2663 structurae
612 2596 861 2662 conformatione
897 2599 984 2664 notio
1017 2599 1150 2666 subiecti
1182 2597 1285 2681 magis

209 2707 358 2786 urgetur:
395 2701 450 2766 illo
475 2701 557 2765 enim
579 2701 649 2764 loco
665 2700 902 2765 Lacedaemonii
924 2706 1127 2786 opponuntur
1147 2701 1285 2786 Argivis,

208 2803 270 2868 hoc
284 2803 531 2870 Atheniensibus
546 2803 641 2867 modo
656 2803 908 2867 commemoratis
919 2803 1149 2888 Peloponnesii.
1177 2803 1285 2866 Etiam

206 2929 381 2990 pronomen
406 2902 492 2966 αὐτοὶ
515 2905 658 2969 additum
678 2907 761 2970 huno
782 2929 820 2970 ex
836 2906 982 2990 genetivo
1000 2907 1039 2971 ad
1058 2906 1286 2970 nominativum

206 3009 375 3074 transitum
397 3008 571 3073 faciliorem
592 3009 702 3073 reddit.

434 3159 672 3242 Genetivus
697 3182 798 3243 cum
823 3159 1057 3245 infinitivo.
1119 3151 1124 3160 ’

283 3285 311 3362 ξ.
328 3283 377 3346 25.
406 3281 457 3346 Et
478 3282 697 3365 genetivus
720 3287 759 3346 et
780 3281 1026 3348 infinitivus
1049 3308 1068 3348 a
1089 3285 1214 3350 verbo

588 3385 715 3450 finito
739 3385 899 3468 pendet.

292 3503 367 3570 Tria
397 3504 490 3570 huius
519 3504 566 3570 rei
599 3504 800 3570 inveniuntur
830 3505 987 3588 exempla:
1021 3505 1045 3584 I,
1068 3506 1108 3569 27
1132 3509 1152 3586 ξ
1174 3509 1194 3570 2
1220 3508 1284 3569 ἐδε-

206 3607 334 3689 ήθησαν
366 3605 399 3682 δέ
430 3608 479 3667 καί
512 3611 573 3668 ταῖν
603 3605 773 3688 Μεγαρέων
803 3608 889 3666 ναυσὶ
920 3611 1002 3690 σιγᾶς
1032 3608 1283 3693 ξομπροπέμιμαι.

204 3711 242 3792 V,
257 3714 299 3777 50
317 3714 369 3793 §5
393 3708 420 3772 oi
443 3707 595 3790 ξύμμαχοι
618 3708 766 3793 ἀφίκοντο
790 3707 965 3788 δεησόμενοι
989 3708 1091 3772 αὐτῶν
1105 3713 1188 3798 παρὰ
1203 3720 1284 3798 σφᾶς

204 3815 315 3876 ε’λθεῖν.
351 3813 406 3892 ΠΙ,
429 3814 470 3878 45
495 3813 513 3896 5
538 3814 552 3876 l
585 3814 635 3874 nal
667 3811 763 3886 οὐδείς
800 3837 846 3873 πω
877 3813 1069 3895 καταγνοὺς*
1099 3812 1211 3879 ἑαυτοῦ
1238 3817 1283 3899 μὴ

204 3916 399 4000 περιέσεσθαι
422 3919 467 3999 τῷ
488 3914 724 3996 ἕπηίουλεύματι
749 3906 846 3996 ἦλθεν
868 3914 897 3990 ές
919 3917 954 3978 τδ
978 3915 1115 4002 trabs)

291 4087 317 4154 1)
335 4084 481 4141 Conferte
502 4100 534 4137 ea
551 4101 581 4139 re
599 4084 823 4139 Schoernann:
851 4086 909 4153 „Jh
927 4088 943 4139 l.
958 4087 1028 4141 Phil.
1043 4088 1135 4156 1869“,
1154 4106 1177 4156 p.
1189 4088 1247 4143 209.

291 4173 318 4242 2)
336 4172 496 4226 Genetivum
522 4187 584 4224 cum
609 4171 739 4226 infinitivo
758 4172 857 4226 habent
874 4175 1012 4240 praeterea
1029 4175 1099 4241 apud
1117 4175 1282 4228 Herodotum

202 4260 269 4321 haec
286 4259 382 4321 verba:
407 4258 518 4328 χρηίζω,
538 4257 716 4328 προσχρηίζω,
735 4263 941 4333 κατηγορέομαι.
