3114 5002
612 1108 724 1203 Vita
761 1106 985 1206 auctoris.

721 1315 872 1324 *—

348 1454 450 1519 Natus
474 1477 542 1518 sum
565 1451 794 1516 Maximilianus
818 1449 996 1515 Gerhardus
1019 1451 1183 1516 Michaelis
1198 1452 1333 1517 Franco-

262 1559 341 1623 furti
364 1559 403 1621 nd
425 1555 579 1632 Viadrum
602 1555 651 1620 die
666 1553 720 1643 VI
740 1575 835 1616 mens.
860 1554 942 1638 Aug.
965 1577 990 1617 a.
1012 1555 1042 1619 h.
1065 1579 1087 1618 s.
1112 1555 1221 1633 LXIII,
1243 1563 1334 1640 patre

263 1662 374 1739 Paulo,
398 1661 452 1746 qui
474 1660 507 1722 in
528 1658 652 1736 iudicio,
676 1657 715 1720 ad
740 1657 824 1740 quod
845 1657 1065 1739 provocatione
1089 1665 1234 1737 certatur,
1261 1683 1334 1725 con·

264 1765 401 1830 siliarius
431 1764 504 1839 fuit,
533 1765 633 1824 matre
663 1759 836 1836 Henrietta,
870 1781 886 1821 e
915 1765 1009 1844 gente
1039 1762 1076 1825 de
1107 1761 1334 1847 Techirschky:

264 1858 389 1951 patrem
413 1872 485 1930 ante
508 1865 567 1928 hos
591 1863 705 1949 viginti
727 1885 824 1926 annos
846 1867 946 1925 morte
968 1869 1168 1946 praematura
1196 1871 1228 1929 et
1256 1867 1336 1929 mihi

265 1976 296 2034 et
319 1971 396 2034 meis
421 1973 562 2052 ereptum
585 1990 652 2030 esse
668 1965 757 2030 valde
779 1965 882 2049 lugeo,
905 1970 1005 2029 matre
1021 1969 1144 2050 gaudeo
1160 1971 1335 2052 superstite.

265 2071 376 2136 Fidem
399 2072 551 2154 profiteor
573 2069 795 2154 evangelicam.
840 2067 954 2131 Primis
975 2069 1151 2134 litterarum
1175 2072 1336 2136 elementis

265 2174 464 2239 Francofurti
486 2174 625 2238 imbutus
647 2172 758 2236 deinde
780 2193 836 2253 per
850 2171 987 2254 quinque
1003 2195 1101 2236 annos
1115 2175 1180 2237 ruri
1195 2180 1336 2238 versatus

265 2279 388 2342 litteras
411 2277 505 2340 didici
528 2301 546 2341 a
568 2277 721 2362 magistro
743 2275 873 2358 privato.
906 2272 989 2338 Vere
1012 2277 1086 2340 anni
1109 2278 1138 2340 h.
1154 2299 1176 2340 e.
1192 2275 1338 2342 LXXVII

266 2381 511 2445 Franoofurtum
538 2402 680 2444 reversus
708 2379 907 2461 gymnasium
935 2378 1058 2461 regium
1081 2377 1338 2458 Fridericianum,

266 2483 318 2547 cui
340 2487 415 2546 tunc
441 2482 579 2546 Xarolus
601 2481 700 2556 Koch,
723 2481 770 2544 vir
791 2485 826 2543 ut
855 2481 893 2544 de
920 2471 1014 2544 rebus
1044 2482 1200 2565 gymnasii
1221 2483 1339 2566 optime

266 2585 407 2663 meritus,
426 2585 472 2649 ita
494 2585 630 2648 maxime
651 2583 730 2646 mihi
753 2605 876 2666 semper
890 2584 1046 2662 colendus,
1067 2591 1220 2668 praeerat,
1239 2607 1339 2669 usque

266 2689 306 2752 ad
333 2693 518 2754 autumnum
541 2688 614 2752 anni
637 2687 667 2750 h.
691 2709 714 2751 s.
736 2683 865 2751 LXXXI
887 2685 1092 2768 frequentavi,
1115 2710 1177 2772 quo
1199 2693 1341 2771 tempore

265 2789 459 2854 maturitatis
499 2791 682 2856 testimonio
724 2813 793 2854 sum
828 2789 1006 2854 instructus.
1068 2789 1180 2855 Officio
1212 2791 1342 2854 militari

265 2894 397 2957 functus
429 2891 569 2956 Berolini
600 2893 715 2958 scholis
743 2893 872 2956 interfui
899 2893 1038 2974 virorum
1073 2893 1340 2958 doctissimorum:

267 2997 427 3078 Droysen,
458 2993 622 3073 Huebner,
652 2995 832 3072 Kirchhoff,
869 2994 985 3072 Koser,
1016 2995 1184 3074 Schrader,
1206 2996 1340 3074 Vahlen,

267 3097 376 3161 Zeller.
421 3097 543 3162 Deinde
566 3121 637 3162 vere
660 3098 733 3161 anni
755 3095 915 3161 LXXXIV
936 3097 1035 3162 Hales
1057 3123 1106 3163 me
1129 3099 1255 3176 contuli,
1283 3099 1340 3162 ubi

267 3222 324 3282 per
349 3205 500 3283 quattuor
521 3201 684 3264 semestrie
705 3194 961 3283 praeceptoribus
984 3223 1059 3264 usus
1081 3225 1151 3266 sum
1170 3203 1244 3266 viris
1268 3203 1340 3265 doc-

267 3302 415 3366 tissimis:
444 3303 678 3379 Bartholomae,
701 3303 932 3385 Dittenberger,
954 3303 1145 3384 Duemmler,
1167 3303 1340 3381 Erdmann,

268 3403 381 3488 Haym,
405 3405 622 3490 Heydemann,
644 3405 755 3483 Hiller‚
777 3407 858 3484 Keil,
880 3406 1063 3482 Neumann3
1086 3413 1180 3490 atque
1201 3411 1237 3470 ut
1252 3428 1338 3471 exer-

268 3507 472 3572 citationibus
497 3513 528 3572 et
549 3509 769 3591 proseminerii
791 3515 823 3574 et
843 3510 1002 3574 seminarii
1031 3510 1216 3595 philologici
1244 3509 1339 3573 inter-

269 3633 377 3689 essem,
400 3611 537 3697 beuigne
559 3611 638 3674 mihi
659 3616 708 3703 est
726 3613 920 3694 permissum.
1086 3683 1087 3686 Ἴ

354 3711 413 3776 His
437 3715 583 3778 omnibus
605 3714 679 3778 viris
702 3714 921 3779 illustrissimis
944 3716 1062 3799 optime
1078 3717 1115 3780 de
1137 3738 1186 3780 me
1208 3715 1338 3791 meritis,

270 3815 403 3880 maxime
427 3821 532 3881 autem
555 3817 686 3892 Hiller0,
710 3818 828 3900 gratias
852 3839 913 3903 ago
937 3818 1067 3882 debitae.

701 4107 903 4116 -οιι--ι--ψ
