3108 5006
779 353 834 418 ‚40

282 548 350 592 esse
379 525 535 592 rationem
571 525 674 590 elucet
701 525 728 589 ei
756 524 887 588 verbum
915 546 1028 608 regens
1055 523 1251 588 eeeusativue
1282 544 1354 586 oum

282 627 438 694 indultivo
467 628 518 693 vel
549 626 715 712 participio
745 632 808 704 est,
829 631 866 691 ut
886 627 916 704 I,
938 628 979 692 76
1002 629 1072 706 §lz
1097 617 1130 689 nl
1152 625 1237 704 ίσμεν
1258 622 1353 705 ἀναγ-

285 729 460 804 κασθίντας
482 726 589 814 (ύμιῖς)
613 727 632 810 ἢ
654 726 755 811 ἄρχειν
776 728 929 810 ίγνρατσλς
950 727 970 809 ἢ
992 727 1103 803 αύτούς
1122 726 1302 790 κινδυνεύειν
1323 733 1355 792 et

278 833 339 914 VI,
364 835 403 898 10
425 831 445 918 ξ
465 833 499 898 l:
524 833 603 916 φημί
625 829 683 913 γάρ
707 827 788 910 ὑμᾶς
813 832 974 912 πολεμίους
1075 829 1281 903 ίσνολιπόντας
1302 831 1352 891 καί

281 933 402 1020 ίτίρους
431 935 594 1014 ἐπιθυμεῖν
630 934 720 996 ίιιεῖσε
751 931 939 1008 πλεύσαντας
967 937 1052 1019 δεῦρο
1082 932 1293 1014 ἐπαγαγέσθαι
1322 939 1354 998 et

280 1038 320 1118 V,
343 1039 397 1104 89:
417 1035 489 1100 odd’
507 1033 589 1117 ύμιῖς
612 1034 752 1115 άξιοῦμεν
773 1034 894 1100 οἴεσθαι
918 1039 1030 1099 πείσειν
1050 1037 1201 1118 λέγοντας.

364 1139 411 1206 Ut
441 1161 536 1225 supra
560 1140 817 1217 commemoravi,
845 1141 1059 1224 praedicatum
1088 1141 1213 1224 saepius
1237 1140 1353 1223 plurali

279 1265 412 1310 numero
435 1243 546 1320 utitur,
568 1264 638 1308 eum
660 1241 792 1306 verbum
813 1243 937 1308 finitum
960 1244 1113 1328 singulari
1135 1243 1295 1320 efferatur,
1317 1247 1353 1308 ut

280 1345 342 1426 VI,
362 1348 403 1412 25
427 1349 446 1427 ξ
468 1346 505 1410 2:
534 1342 592 1425 τήν
620 1367 652 1406 τε
683 1342 778 1426 άλλην
807 1345 1001 1430 παρασκευὴν
1023 1393 1030 1406 .
1054 1393 1061 1406 .
1085 1393 1092 1406 .
1115 1341 1351 1425 ἑτοιμασάμενοι

280 1445 360 1522 άξειν
382 1446 460 1532 (soil
474 1445 584 1512 Nicias
607 1467 678 1511 eum
692 1448 823 1533 collegis
838 1450 926 1534 suis).
962 1449 1051 1514 Idem
1063 1448 1223 1513 invenitur
1239 1447 1295 1526 VI,
1310 1449 1352 1512 49

279 1554 334 1633 §2
357 1555 490 1614 πλεῖστοι
513 1548 572 1632 γάρ
596 1546 634 1610 dv
654 1553 707 1611 νῦν
729 1555 873 1634 φανῆναι.
917 1551 994 1630 VII,
1017 1552 1058 1615 48
1081 1555 1099 1631 {j
1124 1551 1139 1613 l
1162 1554 1272 1611 λαθεῖν
1293 1549 1351 1634 γὰρ

279 1651 317 1717 dr
414 1658 505 1716 τοῦτο
527 1658 683 1726 ποιοῦντες
705 1659 737 1718 et
759 1654 814 1734 IH,
837 1657 877 1720 38
902 1657 957 1734 §6
979 1653 1046 1737 (ubi
1068 1654 1205 1737 primum
1219 1653 1352 1737 pluralis

281 1760 466 1841 usurpatur,
503 1755 614 1820 deinde
645 1757 813 1842 singularis
843 1757 985 1842 ponitur,
1015 1755 1149 1839 denique
1179 1756 1281 1820 oratio
1311 1758 1351 1822 ad

278 1858 432 1944 pluralem
454 1857 558 1942 redit).
593 1858 791 1926 Contrarium
813 1884 911 1944 paene
935 1859 1088 1924 habemus
1109 1857 1197 1937 VIII,
1220 1860 1260 1923 89
1283 1859 1351 1938 §32

282 1959 417 2036 ἀξιοῦσιν
440 1958 494 2041 ούχ
516 1957 597 2034 ὅπως
620 1957 689 2038 ἴσοι,
713 1959 860 2024 ἀλλὰκαὶ
884 1960 963 2024 πολὺ
976 1965 1097 2044 πρῶτος
1118 1959 1211 2034 αύτὸς
1226 1959 1352 2035 ἕκαστος

279 2059 353 2128 είναι
377 2069 409 2131 ot
430 2061 485 2142 lV,
508 2065 550 2128 80
572 2065 638 2143 §32
662 2061 794 2145 ἠξίωσαν
817 2071 935 2149 πρῶτος
958 2063 1083 2136 ἕκαστος
1098 2064 1349 2146 ἐλευθεροῦσθαί

281 2167 343 2234 Sed
373 2167 469 2234 etiam
498 2167 692 2232 aecusativus
716 2190 787 2233 eum
815 2169 970 2233 infinitivo
1004 2169 1037 2231 in
1066 2168 1125 2231 hae
1152 2167 1351 2233 distinetione

284 2269 402 2355 legItur
423 2268 478 2348 IV,
501 2270 542 2333 69
565 2271 626 2348 §3

363 2372 470 2458 DIgna
492 2372 586 2436 etiam
609 2376 697 2450 sunt,
720 2395 800 2456 quae
819 2377 1108 2451 commemorentur,
1131 2373 1274 2456 exempla
1294 2371 1350 2451 IH,

279 2475 320 2540 59
344 2474 411 2554 ἕλε
433 2470 658 2554 ἒπισκήπτομίν
680 2497 711 2536 τε
735 2471 800 2555 ἅμα
822 2475 866 2558 μὴ
884 2478 1047 2556 Πλαταιῆς
1070 2472 1153 2547 ὅντες
1175 2473 1204 2536 οἱ
1228 2478 1349 2557 προθυ-

278 2573 409 2656 μότατοι
440 2577 504 2660 περὶ
534 2575 606 2649 τοὺς
629 2573 779 2657 Ἓλληνας
807 2576 959 2660 γενόμενοι
984 2579 1163 2659 Θηβαίοις.
1187 2623 1194 2637 .
1219 2624 1225 2638 .
1249 2601 1351 2660 παρα-

279 2679 412 2760 δοθῆναι
436 2683 467 2744 θλ
489 2677 551 2758 VI,
573 2680 615 2744 40
639 2681 691 2760 §l
717 2677 901 2763 ἡγησάμενοι
932 2685 1023 2744 τούτο
1052 2679 1108 2760 μίν
1137 2679 1174 2742 dv
1204 2681 1253 2740 nul
1285 2677 1350 2740 ἴσον

279 2783 328 2846 καὶ
363 2778 453 2844 πλίον
486 2779 514 2843 οἱ
551 2779 666 2863 ἀγαθοί
699 2779 785 2864 ὑμῶν
818 2782 893 2866 ἤπερ
926 2784 961 2846 τὸ
995 2789 1050 2865 τῆς
1081 2781 1197 2856 πόλεως
1229 2786 1350 2864 πλῆθος

278 2885 467 2965 μετασχεῖν*.
495 2883 619 2962 Quanta
634 2909 704 2952 oum
719 2887 895 2952 constantie
910 2887 1108 2972 Thucydides
1123 2887 1350 2952 nominativum

279 2986 458 3065 retinuerit,
488 3010 679 3073 magnopere
710 2995 840 3074 apparet
869 3014 907 3055 ex
927 2989 989 3068 VI,
1013 2993 1054 3054 33
1077 2993 1095 3069 ξ
1120 2993 1151 3054 1:
1180 2989 1298 3050 πείθων
1320 3012 1350 3069 γε

279 3088 413 3171 ἐμαυτὸν
442 3088 630 3174 σαφέστερόν
657 3114 686 3152 τι
717 3089 820 3176 ἑτέρου
845 3091 931 3166 εἰδώς
952 3090 1053 3173 λέγειν.
1098 3092 1220 3157 Deinde
1250 3096 1352 3156 exstat

280 3193 439 3278 singulare
472 3193 649 3277 exemplum
671 3192 748 3274 VH,
771 3198 790 3260 3
813 3197 904 3276 51³⁸:
931 3193 1048 3279 κήρυκα
1078 3193 1261 3278 πρσςσίμπει
1294 3192 1350 3256 αύ-

281 3303 346 3368 τοΐς
368 3291 503 3375 λίγοντα,
533 3295 559 3356 el
580 3291 744 3372 βούλονται
767 3295 872 3369 ἐξιέναι
895 3345 902 3358 .
927 3345 933 3358 .
956 3345 963 3359 .
987 3295 1133 3376 λαβόντες
1155 3295 1194 3358 τὰ
1221 3296 1351 3381 σφέτερα

280 3395 396 3477 αὐτῶν,
424 3393 544 3476 ἓτοῖμος
565 3391 656 3474 εἶναι,
687 3400 771 3482 quod
793 3400 839 3465 ita
859 3406 1072 3466 constructum
1094 3405 1158 3478 est,
1180 3406 1216 3465 ut
1235 3398 1350 3483 κη’ρυκα

280 3497 465 3584 προςπίμπει
496 3497 601 3573 αύτοῖς
626 3498 753 3581 λίγοντα
774 3503 857 3568 idem
878 3505 919 3568 sit
942 3505 1026 3588 quod
1056 3503 1107 3564 διὰ
1135 3501 1263 3585 κήρυκος
1293 3499 1355 3581 αὗ·-

280 3610 345 3677 τοῖς
367 3601 452 3684 λέγει.

364 3706 508 3790 Denique
540 3704 727 3790 singillatim
760 3731 856 3772 unum
890 3710 1067 3793 exemplum
1101 3709 1180 3774 mihi
1216 3731 1350 3774 comme·

279 3811 464 3874 morandum
486 3807 708 3886 videturesse,
732 3811 770 3875 de
793 3834 855 3894 quo
877 3812 1020 3896 plerique
1042 3813 1185 3891 editores,
1207 3811 1350 3896 quemvis

280 3913 322 3978 sil
344 3911 519 3997 singulare,
549 3911 630 3975 nihil
652 3911 805 3978 dixerunt.
849 3913 978 3998 Legitur
999 3913 1086 3994 VIII,
1110 3916 1149 3979 75
1172 3915 1266 3997 §2⁴²2
1289 3910 1349 3995 ὤρ-

280 4035 383 4076 ιιιοσαν
406 4011 523 4086 πάντας
545 4012 618 4087 τούς
640 4012 832 4097 στρατιώτας
853 4015 925 4090 τούς
945 4017 1106 4098 μεγίστους
1128 4013 1236 4100 ὅρκους
1252 4063 1348 4080 .....

281 4106 299 4200 ἦ
326 4115 389 4200 μὴν
419 4114 716 4201 ὄημοιιρατήσεσθαί
749 4141 780 4180 τε
808 4120 858 4180 καὶ
890 4116 1069 4200 ὁμονοήσειν
1105 4120 1154 4182 καὶ
1185 4118 1240 4180 τιλν
1276 4117 1351 4202 πρὸς

280 4221 545 4302 Πελοποννησίους
572 4217 704 4301 πόλεμον
732 4218 902 4305 προθύμως
931 4222 1054 4284 διοίσειν
1076 4223 1126 4284 καί
1156 4230 1220 4298 τοῖς
1241 4246 1350 4308 τετρα-
