3114 5002
687 391 725 454 77

248 563 492 627 ¹Substantivum
520 559 702 636 relativum,
736 565 771 623 ut
801 560 847 624 ita
870 559 985 639 dicam,
1007 567 1055 626 est
1078 524 1243 641 δόκησις*ι

168 665 223 743 IV,
247 666 288 730 55
311 666 371 744 §2
405 659 449 738 οἷς
480 663 516 726 τὸ
547 663 591 744 μὴ
623 659 863 746 ἐπιχειρούμενον
897 660 941 725 ἀεί
975 663 1091 737 ἐλλιπὲς
1124 653 1161 742 ἦν
1188 666 1244 743 τῆς

169 765 322 849 δοκήσειός
343 791 372 828 τι
394 765 516 852 πράξειν
538 765 607 848 (cfr.
629 764 674 843 H,
697 766 739 830 84
760 768 779 845 ξ
798 766 838 849 l).

509 952 600 1038 §52
645 953 761 1037 Apud
780 956 909 1020 verba.

255 1074 432 1139 Infinitivus
470 1074 670 1139 accusaticris
701 1073 890 1138 definitionis
921 1075 1079 1139 invenitur
1108 1075 1245 1158 primum

169 1178 254 1262 apud
282 1177 361 1242 talia
387 1178 498 1255 verba,
529 1199 609 1261 quae
633 1176 784 1259 ampliore
806 1199 899 1242 sensu
928 1177 1093 1242 auxiliaria
1113 1181 1246 1260 possunt

168 1279 289 1357 vocari,
315 1281 402 1344 velut
423 1278 596 1354 κινδυνεύω,
618 1276 738 1362 ὀφείλω,
761 1275 890 1361 ἀπορίω,
914 1279 970 1340 δέω
993 1303 1065 1344 cum
1089 1281 1244 1364 genetiva,

168 1383 240 1448 alin.
283 1379 542 1450 κινδυνεόω*;
564 1381 626 1458 III,
649 1383 690 1446 59
713 1384 767 1462 §2
790 1381 830 1443 τὰ
852 1380 1013 1444 δεινότατα
1034 1379 1245 1460 κινδυνεύομεν

169 1488 293 1546 παθεῖν.
352 1483 413 1562 VI,
435 1485 476 1549 40
499 1487 517 1564 ξ
541 1487 555 1549 l
588 1489 644 1546 τοῦ
676 1484 790 1558 παντὸς
823 1487 1011 1548 κινδυνεῦσαι
1045 1488 1244 1569 στερηθῆναι.

167 1573 382 1666 IH,74§2.
431 1587 525 1666 VIII,
549 1588 673 1668 78§l.
718 1588 882 1653 Passivum
904 1589 1022 1675 legitur
1043 1588 1090 1667 H,
1113 1589 1245 1668 35§1:

168 1694 292 1754 πολλῶν
315 1687 426 1772 ἀρετὰς
441 1687 670 1752 κινδυνεύεσθαι
691 1679 724 1752 sd
746 1715 777 1754 τε
801 1693 850 1752 καὶ
868 1699 971 1774 χεῖρον
984 1690 1098 1753 εἴπαντι
1120 1713 1246 1753 πιστευ-

168 1797 278 1874 θῆναι.
318 1791 923 1876 παρακινδύνευσινποιοῦμαι*;
964 1793 1003 1872 V,
1029 1795 1097 1859 100.
1141 1791 1246 1878 ἀφεί-

168 1898 255 1962 λω*;
289 1895 344 1974 IV,
369 1897 408 1960 19
432 1899 490 1976 §3
522 1895 651 1979 ὀφείλων
682 1896 740 1980 γὰρ
772 1893 831 1979 ἤδη
865 1893 880 1958 ὃ
910 1897 1044 1969 ἐναντίος
1071 1895 1116 1978 μὴ
1148 1895 1245 1958 ἀντα-

167 1997 325 2080 μόνεσθαι
355 1995 396 2071 ὡς
425 2000 583 2077 βιασθείς,
614 1997 678 2060 ἀλλ’
706 1997 936 2074 ἀνταποδοῦναί
963 1996 1082 2082 ἀρετήν.
1125 1999 1180 2078 IV,
1203 2001 1242 2064 87

169 2104 235 2183 §4
276 2102 314 2163 ἓν
336 2099 470 2185 ἀπόρῳ
492 2102 612 2182 ciffi:
635 2102 696 2181 HI,
719 2105 760 2166 22
782 2106 838 2184 §6
860 2101 1008 2187 ἒνάπόρηι
1032 2091 1243 2184 ἧσανείιιιίσαι

168 2205 207 2267 τὸ
232 2202 416 2286 γιγνόμενον.
451 2205 487 2266 ἓν
510 2202 641 2288 ἀπόρῳ
664 2202 844 2285 ὶ’χομαι*;
870 2206 898 2285 Ι,
919 2208 960 2270 25
983 2209 1034 2286 §l
1065 2203 1185 2266 θέσθαι
1207 2205 1243 2268 τό

169 2307 279 2394 παρόν.

257 2412 378 2477 Deinde
401 2433 455 2474 eae
473 2410 705 2493 complexiones
727 2411 806 2475 mihi
827 2411 879 2477 hic
903 2413 1077 2476 afferendae
1099 2413 1245 2478 videntur

169 2537 254 2592 esse,
277 2515 391 2598 quibus
414 2511 612 2596 Thucydides
635 2513 747 2591 utitur,
769 2518 804 2578 ut
827 2515 983 2600 significet
1005 2516 1124 2599 aliquid
1146 2539 1244 2600 paene

167 2619 221 2682 vel
250 2639 349 2700 usque
381 2617 421 2680 ad
442 2620 561 2680 certum
584 2618 717 2700 gradum
739 2640 805 2682 esse
828 2618 945 2682 factum
970 2619 1019 2683 vel
1041 2619 1117 2702 quid
1145 2620 1244 2702 impe·

169 2721 286 2788 diverit
313 2725 367 2784 aut
396 2719 546 2797 defuerit,
576 2719 652 2802 quin
681 2719 800 2803 aliquid
821 2720 940 2784 factum
961 2721 1009 2784 sit.
1052 2719 1099 2799 II,
1123 2721 1162 2786 77
1186 2723 1243 2806 §5

168 2828 265 2886 τοῦτο
295 2821 366 2895 τοὺς
393 2820 572 2895 Πλαταιέας
596 2811 693 2882 τάλλα
723 2819 929 2905 διαφυγόντας
958 2822 1117 2902 ἐλαχίστου
1145 2823 1245 2903 ἐδέησε

168 2928 364 3010 διαφθεῖραι.
387 2924 442 3003 IV,
467 2925 527 2988 129
550 2925 605 3004 §⁴4
626 2925 656 2998 ἐς
672 2921 773 3004 ὀλίγον
788 2921 914 3007 ἀφίκετο
935 2928 997 2985 πᾶν
1019 2923 1054 2986 τὸ
1070 2923 1246 3007 στράτευμα

169 3036 235 3092 τῶν
270 3027 446 3108 Ἀθηναίων
477 3030 651 3107 νικηθῆναι.
706 3026 800 3106 VIII,
825 3029 865 3092 76
887 3029 947 3106 §4
978 3025 996 3108 ἡ
1028 3025 1142 3111 (πόλις)
1176 3031 1246 3112 παρ’

169 3129 333 3212 ἐλάχιστον
352 3130 391 3211 δὴ
414 3120 492 3211 ἦλθε
515 3129 551 3191 τό
572 3128 759 3210 Ἀθηναίων
782 3127 894 3212 κρότος
916 3134 971 3211 τῆς
991 3128 1167 3211 θαλάσσης,
1197 3129 1245 3193 ὅτε

170 3233 374 3313 ἐπολέμησεν,
411 3232 592 3317 ἀφελέσθαι.
640 3232 679 3312 V,
704 3235 724 3298 3
754 3235 812 3312 §3
843 3231 986 3314 ἀποσχών
1018 3232 1247 3318 τεσσαράκοντα

168 3335 311 3418 μάλιστα
341 3337 483 3409 σταδίους
511 3335 556 3416 μὴ
587 3335 711 3419 φθάσαι
738 3333 847 3400 ἐλθιόν.
891 3336 946 3414 IV,
969 3336 1029 3401 106
1052 3338 1107 3415 §4
1135 3337 1192 3419 τὴν
1214 3337 1246 3399 δὲ

167 3438 283 3503 Ἠιόνα
308 3439 392 3521 παρὰ
414 3436 507 3502 νόκτα
529 3437 642 3519 ἐγένετο
666 3443 778 3518 λαβεῖν,
821 3439 914 3518 VIII,
937 3441 977 3504 33
1001 3443 1054 3519 §3
1079 3440 1163 3523 παρὰ
1192 3465 1246 3503 το-

170 3548 286 3606 σοῦτον
306 3541 420 3624 ἐγένετο
437 3539 522 3626 αὐτῷ
542 3541 587 3623 μὴ
611 3549 778 3636 περιπεσεῖν
799 3549 863 3614 τοῖς
883 3540 1096 3621 Ἀθηναίοις*

259 3647 381 3711 Deinde
405 3644 577 3731 infinitivus
601 3645 730 3709 diversis
751 3645 855 3709 verbis
878 3644 1018 3722 additur,
1041 3651 1077 3710 ut
1098 3668 1143 3726 ea,
1166 3657 1246 3730 quae
1286 3685 1290 3694 =

168 3734 278 3816 ierbis
306 3747 564 3834 praecedentibus
593 3752 666 3812 sunt
692 3752 833 3825 narrata,
863 3747 1095 3830 quodammodo
1124 3755 1247 3833 repetat

170 3859 205 3919 et
236 3851 411 3918 accuratius
441 3849 637 3915 describat*:
667 3851 781 3934 quibus
809 3849 887 3914 locis
917 3850 997 3914 nihil
1023 3875 1152 3936 prorsus
1174 3854 1247 3917 noui

169 3955 331 4022 infinitivo
372 3954 505 4018 additur.
558 3953 607 4017 Ita
632 3953 749 4038 legitur
771 3952 800 4030 I,
822 3953 863 4016 95
887 3954 944 4032 §5
978 3953 1018 4014 τὰ
1054 3955 1086 4016 δὲ
1117 3953 1247 4036 μέγιστα

170 4054 341 4122 ἀπολύεται
364 4055 409 4137 μὴ
426 4054 547 4118 ἀδικεῖν.
578 4055 601 4134 I,
626 4057 685 4120 128
710 4057 763 4135 §3
786 4056 903 4139 κριθείς
917 4052 967 4117 ὑπ’
984 4053 1084 4118 αὐτῶν
1106 4055 1247 4137 ἀπελύθη

169 4161 219 4242 μὴ
245 4159 366 4222 ἀδικεῖν.
411 4159 435 4238 Ι,
457 4161 498 4224 22
522 4159 576 4238 §4
597 4155 701 4238 κτῆμά
732 4181 763 4219 τε
786 4158 815 4231 ἐς
837 4155 882 4220 ἀεὶ
904 4163 1023 4238 μᾶλλον
1045 4157 1064 4240 ἢ
1088 4157 1246 4240 ἀγώνισμα

171 4265 203 4342 ἐς
226 4262 263 4325 τὸ
285 4267 473 4346 παραχρῆμα
497 4257 617 4323 ἀκοόειν
638 4257 798 4344 ξύγκειται.
