3114 5002
725 370 770 436 51.

204 543 273 622 51.
310 540 396 618 VIII,
419 539 459 623 27
489 537 555 622 §4
593 535 679 616 VIII,
702 541 742 602 82
776 538 839 624 §2
878 538 963 617 VIII,
986 542 1027 604 93
1059 538 1120 624 §2
1169 542 1276 608 Verba

204 645 345 709 dativum
373 664 525 726 personae
547 646 675 725 regrmt:
711 641 750 718 ΙΙ,
776 644 815 705 13
844 641 901 723 §2
931 641 1055 725 παρῄνει
1079 644 1111 706 δὲ
1134 648 1183 706 καὶ
1207 649 1272 730 περὶ
1303 697 1308 710 ,

204 751 265 808 ταῖν
295 744 455 828 παρόντων
485 743 559 824 ἅπερ
589 747 638 804 καί
662 742 911 826 πρότερον
944 745 999 824 τὴν
1021 743 1110 808 πόλιν
1131 747 1272 821 egelnot-

204 874 259 921 τας
281 847 456 931 φυλάσσειν.
497 847 535 924 V,
558 849 598 910 38
621 844 673 931 §3
701 852 881 930 παραινοῦσι
904 847 1081 927 γενομένους
1103 850 1277 932 ξυμμάχους

202 951 267 1032 μετ’
301 951 402 1014 αύτιῦν
426 950 683 1027 Λακεδαιμονίων
711 951 879 1030 γίγνεσθαι.
932 951 1052 1016 Deinde
1074 952 1129 1031 III,
1153 956 1193 1019 59
1216 954 1276 1040 §4

203 1054 243 1132 Π,
266 1055 306 1118 27
330 1054 393 1138 §I
435 1052 614 1116 Verborum
636 1054 817 1136 genetivum
838 1054 1014 1137 regentium
1037 1079 1134 1120 unum
1153 1057 1275 1120 δεῖσθαι

203 1163 387 1241 usurpatur:
426 1157 448 1234 l,
471 1158 510 1220 72
532 1155 586 1240 §2
616 1152 689 1238 ημῖν
717 1155 748 1216 δέ
774 1154 1005 1239 προςελθύντιον
1029 1157 1276 1239 τῶνξυμμάχων

203 1261 253 1322 καί
279 1258 380 1320 αύτιῦν
399 1259 572 1340 δεηθέντων
587 1256 735 1340 ἡγεμόνας
747 1262 947 1338 καταστῆναι.
979 1259 1018 1335 V,
1034 1261 1073 1324 32
1090 1258 1143 1345 §5
1160 1261 1277 1326 ἐδέοντο

205 1369 293 1447 σφῶν
316 1386 346 1424 τε
361 1364 410 1422 καί
425 1361 565 1446 Ἀργείων
583 1362 741 1442 γίγνεσθαι
758 1358 940 1440 ξυμμάχους.
969 1360 1024 1437 VI,
1040 1365 1059 1426 6
1082 1360 1101 1447 §
1116 1364 1136 1428 2
1161 1363 1279 1428 ε’ῦέοντο

206 1467 293 1550 σφίσι
317 1470 390 1538 ναῦς
412 1465 596 1544 πέμψαντας
617 1466 779 1542 ἐπαμῦναι.

291 1585 414 1649 Deinde
445 1586 514 1649 fieri
542 1589 664 1668 potest,
693 1589 729 1647 ut
759 1583 945 1647 attributum
977 1583 1123 1649 infinitivi
1152 1611 1216 1652 non
1244 1591 1284 1654 ad

207 1694 325 1754 certam
355 1689 512 1772 quandam
542 1709 710 1771 personam
742 1691 875 1770 spectet,
905 1688 960 1752 sed
990 1689 1168 1773 generalem
1196 1693 1285 1757 verbi

207 1792 383 1870 notionem,
411 1813 491 1874 quae
514 1789 669 1853 infinitivo
695 1812 842 1874 expressa
865 1793 926 1866 cst,
953 1792 1126 1856 accuratius
1150 1795 1284 1860 definiat.

211 1895 282 1959 Hoc
311 1894 496 1978 plerumque
524 1896 591 1955 tum
613 1892 697 1969 fieri,
729 1914 798 1956 cum
821 1893 952 1957 verbum
974 1915 1087 1980 regens
1110 1893 1151 1959 sit
1171 1897 1285 1981 imper·

208 1997 316 2062 sonale
338 1997 388 2060 vel
410 1995 523 2079 copula
546 2017 617 2058 oum
639 1995 795 2059 adiectivo
820 1999 874 2059 aut
896 1996 1092 2061 substantivo
1114 2001 1286 2082 coniuncta,

209 2099 417 2184 explicatione
446 2120 509 2161 non
547 2103 635 2180 eget:
669 2098 724 2161 sed
755 2097 849 2162 etiam
875 2098 972 2162 verba
999 2101 1177 2182 personalia
1205 2103 1286 2168 hano

208 2201 362 2266 sermonis
386 2200 666 2264 conformationem
690 2201 873 2264 admittunt.
918 2199 1015 2265 Velut
1036 2200 1075 2279 V,
1089 2203 1131 2266 46
1146 2201 1165 2288 §
1183 2207 1198 2268 1
1220 2210 1283 2288 περὶ

208 2309 265 2366 τοῦ
292 2303 337 2384 μὴ
369 2301 598 2386 αὐτοκράτορας
634 2299 823 2382 ὁμολογῆσαι
846 2299 936 2382 ἣκειν.
977 2303 1033 2382 VL
1054 2307 1095 2369 23
1117 2303 1171 2390 §2
1199 2299 1286 2370 ιἰόλιν

209 2431 240 2468 τε
270 2407 394 2486 νομίσαι
419 2405 479 2488 χρὴ
503 2407 673 2478 οίκιοῦντας
704 2405 786 2466 ίέναι.
829 2405 900 2486 Vll,
924 2407 963 2470 72
992 2406 1051 2492 §3
1076 2410 1185 2483 Νικίας
1214 2457 1221 2472 .
1245 2459 1252 2474 .
1276 2461 1284 2475 .

209 2508 335 2591 γνιιίμην
357 2510 486 2570 ἐποιεῖτο
509 2506 730 2590 πληρώσαντας
751 2506 938 2586 βιάσασθαι.

296 2630 400 2695 Paene
430 2631 461 2692 in
493 2629 627 2693 formam
656 2629 824 2704 accusativi
854 2651 924 2693 cum
952 2631 1108 2696 infinitivo
1136 2637 1286 2700 transitur

210 2733 271 2796 hoc
294 2733 453 2815 exemplo:
484 2730 539 2809 VI
554 2732 596 2794 44
619 2731 673 2813 §3
693 2730 844 2804 ἀξιοῦντες
864 2733 1037 2806 Χαλκιδέας
1060 2733 1149 2809 ὄντας
1166 2742 1286 2800 Χαλκι-

211 2835 311 2898 δεῦσιν
336 2825 421 2896 οῦσιν
444 2835 626 2906 Λεοντίνοις
648 2838 787 2913 βοηθεῖν.

296 2955 464 3040 Singulare
494 2955 650 3038 quoddam
680 2959 782 3018 exstat
804 2955 981 3039 exemplum
1001 2955 1057 3033 IV,
1079 2957 1120 3020 84
1142 2956 1195 3042 §2
1219 2985 1285 3022 πει-

212 3058 290 3121 σθίν
312 3057 348 3120 τὸ
371 3062 494 3139 πλῆθος
515 3055 575 3118 tuo
599 3062 653 3117 τοῦ
672 3058 825 3136 Βρασίδου
847 3055 1000 3130 δέξασθαί
1020 3082 1050 3119 τε
1074 3057 1169 3122 αύτόν
1189 3061 1286 3142 μόνον

212 3163 260 3223 καὶ
286 3159 479 3233 ἀκούσαντας
500 3158 741 3237 βουλεύσασθαι.
787 3161 965 3226 Difficultas
991 3163 1023 3225 in
1044 3185 1081 3228 eo
1104 3171 1152 3228 est
1173 3169 1285 3249 posita,

213 3266 297 3348 quod
320 3264 520 3348 participium
544 3265 583 3327 ad
608 3267 730 3343 πλῆθος
749 3264 945 3330 referendum
963 3267 1139 3330 accusativo
1154 3269 1285 3351 pluralis

213 3368 378 3432 masculini
400 3366 523 3453 generis
546 3367 680 3444 effertur,
702 3366 735 3429 id
758 3368 843 3450 quod
862 3368 907 3431 ita
925 3390 962 3431 ex
979 3367 1116 3432 Classeni
1132 3375 1286 3438 sententia

214 3475 261 3534 est
273 3471 498 3553 explicandum,
514 3473 549 3534 ut
565 3466 755 3541 ἀκούσαντας
770 3475 801 3533 et
817 3471 857 3534 ad
872 3469 1050 3534 Acanthum
1066 3475 1097 3534 et
1112 3474 1151 3535 ad
1164 3474 1285 3540 Chalci·

215 3573 326 3637 denses
345 3571 544 3636 referamus*
587 3572 624 3635 cf.
648 3573 742 3636 etiam
765 3571 788 3650 I,
804 3574 864 3636 103
884 3571 902 3654 ᾗ
920 3574 952 3636 I:
987 3569 1023 3652 ἢν
1046 3571 1079 3632 δέ
1097 3597 1142 3648 τις
1158 3573 1285 3659 ἁλίσκη-

214 3697 275 3750 ται,
298 3677 353 3734 τοῦ
375 3672 524 3751 λαβόντος
546 3669 621 3734 εἶναι
644 3675 752 3736 dodica
777 3675 853 3758 (scil.
876 3672 1066 3757 ξυνέβησαν).

297 3793 365 3858 Iam
388 3795 428 3858 ad
448 3795 670 3878 impersonalia
691 3797 791 3860 venio.

294 3911 380 3998 χρή,
398 3911 539 3996 χρεών·
571 3913 594 3991 Ι,
610 3916 651 3978 80
673 3913 727 3997 §3
757 3919 821 3988 παῖς
837 3913 898 3998 χρὴ
922 3913 995 3997 πρὸς
1018 3912 1143 3990 τούτους
1173 3918 1285 4006 ῥαδίως

215 4015 347 4096 πόλεμον
370 4015 510 4099 ἀρασθαι
536 4018 585 4077 καὶ
613 4017 670 4077 τίνι
696 4015 918 4090 πιστεύσαντας
940 4015 1170 4101 ἀπαρασκεύους
1186 4022 1284 4104 ἐπειχ-

213 4124 320 4201 θῆναι.
344 4119 367 4198 Ι,
390 4121 429 4183 82
453 4118 508 4204 §4
530 4109 566 4200 ἧς
581 4119 741 4202 φείδεσθαι
758 4119 819 4201 χρὴ
836 4117 876 4193 ὡς
897 4121 943 4181 ἐπὶ
969 4125 1108 4182 πλεῖστον
1130 4124 1238 4205 καὶμὴ
1255 4127 1285 4199 ές

214 4221 362 4285 ἀπόνοιαν
385 4220 640 4301 καταστήσαντας
662 4219 774 4294 αύτούς
795 4220 1019 4306 ἀληπτοτέρους
1042 4222 1124 4305 έχειν.

1095 4326 1130 4378 44
