3114 5002
685 385 726 449 65

40 591 41 642 ς
164 577 310 634 zonat:
340 554 402 637 III,
426 559 466 620 57
490 554 540 640 §l
574 553 663 640 ὁρᾶτε
696 552 778 626 ὅπως
806 552 851 634 μὴ
882 551 936 615 οὐκ
958 551 1163 627 ἀποὸίξωντοι
1187 555 1243 618 ἀν-

40 647 41 692 3
169 657 249 739 δρῶν
279 653 410 737 ἀγαθῶν
440 657 504 741 πέρι
537 657 648 730 αὐτοὺς
672 653 814 741 (abactis
835 653 960 741 αὐτούς)
985 656 1125 737 ἀμείνους
1152 658 1243 733 ὄντας

169 757 300 842 ἀπρεπές
321 783 350 820 τι
372 761 532 841 ἐπιγνῶναι
555 759 623 824 οὐδὲ
646 765 742 823 σκῦλα
765 758 963 840 ἀνατεθῆναι.

255 879 362 944 Unum
379 882 556 966 exemplum
577 883 709 946 verbum
732 878 853 964 ὃρᾶνῑ)
877 905 949 946 eum
972 883 1148 947 accusativo
1172 906 1243 948 eum

40 959 41 1008 ³
168 983 325 1046 infinitivo
356 983 497 1048 exhibes:
526 983 619 1062 vni,
641 986 682 1048 οο
705 983 760 1066 §a
783 979 884 1066 εορον
909 982 1007 1046 aaa
1031 1032 1038 1045 .
1062 1033 1068 1046 .
1093 1033 1099 1046 .
1125 979 1188 1047 aa
1211 1010 1242 1048 a

169 1079 255 1146 εἶναι.
311 1084 402 1162 Quod
433 1109 503 1150 eum
537 1087 598 1151 alio
633 1087 703 1152 loeo
735 1110 798 1151 non
830 1087 1019 1166 inveniatur,
1051 1089 1242 1185 Kruegerus

169 1188 326 1266 Stahlius,
355 1189 527 1254 Boehmius
555 1184 629 1250 εἶναι
661 1189 777 1254 delent:
807 1189 972 1254 Classenus
999 1191 1128 1270 retinet,
1159 1193 1243 1276 quod

171 1288 245 1373 ὁρᾶν
280 1292 341 1355 hoe
372 1292 442 1356 loeo
479 1293 563 1357 idem
598 1293 639 1357 sit
667 1294 751 1378 quod
782 1291 925 1371 νομίζειν,
959 1295 1070 1373 γνοῖνοι
1099 1293 1166 1377 (eir.
1196 1295 1244 1358 in-

169 1395 327 1460 finitivum
348 1399 421 1478 post
442 1395 553 1475 δηλοῦν
575 1395 630 1475 IV,
653 1398 694 1460 38
717 1397 735 1480 ἓ
754 1396 792 1479 1).

256 1513 323 1578 Ianu
354 1515 392 1579 ad
424 1538 461 1580 ea
488 1517 630 1599 exempla
650 1521 792 1594 transe0,
820 1516 876 1579 ubi
901 1515 1076 1580 subiectum
1098 1516 1245 1582 infinitivi

172 1621 220 1681 est
241 1617 399 1680 omissum.

256 1736 398 1802 Primum
431 1737 606 1802 subiectum
634 1737 726 1802 facile
756 1737 928 1815 emittitur,
965 1738 992 1800 si
1023 1742 1070 1802 est
1098 1743 1245 1804 neutrum

40 1857 42 1920 t
170 1840 365 1924 pronominis
388 1837 497 1915 οὗτός,
521 1845 572 1905 ut:
594 1840 624 1918 I,
650 1842 665 1903 1
690 1840 743 1922 §2
768 1837 803 1901 οὗ
825 1837 942 1920 μεγάλα
967 1841 1076 1919 νομίζω
1100 1840 1244 1922 γενέσθαι

170 1943 194 2022 I,
217 1944 256 2006 21
281 1943 335 2025 §2
359 1939 516 2025 ηὑρῆσθαι
540 1942 572 2004 δὲ
596 1939 786 2023 ἡγησάμενος
808 1939 1018 2025 ἀποχρώντως.
1064 1943 1128 2022 III,
1151 1946 1171 2008 4
1194 1946 1244 2028 §5

172 2043 208 2106 οὗ
229 2043 288 2127 γὰρ
310 2045 466 2106 ἐπίστευον
486 2053 549 2118 τοῖς
568 2043 630 2106 ἀπὸ
652 2049 713 2106 τῶν
732 2043 908 2125 Ἀθηναίων
928 2044 1143 2128 προχωρήσειν.

257 2164 378 2228 Deinde
407 2165 582 2230 subiectum
604 2170 709 2248 potest
738 2167 860 2244 deesse,
890 2166 918 2230 si
939 2166 1070 2232 verbum
1101 2172 1149 2232 est
1169 2161 1244 2228 εἶναι

171 2289 244 2332 eum
265 2267 444 2351 praedicato
461 2268 512 2332 vel
534 2269 562 2332 si
585 2269 670 2333 aliud
691 2269 878 2334 attributum
908 2270 947 2334 ad
976 2269 1166 2334 infinitivum
1197 2291 1246 2333 ae·

172 2370 263 2434 dedit.
299 2369 346 2448 II,
369 2372 409 2435 65
434 2370 488 2452 §4
512 2372 653 2432 πλείστου
669 2369 752 2443 ἄξιον
768 2369 938 2451 νομίζοντες
953 2366 1037 2433 εἶναι.
1067 2371 1128 2450 III,
1151 2373 1170 2434 9
1192 2371 1245 2454 §l

173 2471 345 2552 νομίζοντες
360 2471 391 2534 δὲ
407 2467 482 2534 εἶναι
497 2471 657 2554 προδότας.
692 2475 767 2540 Alia
788 2474 843 2552 IV,
866 2477 916 2540 82.
956 2475 995 2553 V,
1010 2477 1050 2540 21
1067 2474 1123 2556 §2
1155 2473 1247 2552 VIII,

174 2577 215 2640 54
239 2575 256 2658 ξ
277 2577 305 2640 3.
357 2575 554 2640 constructio
587 2577 667 2639 κατὰ
699 2575 834 2654 σύνεσιν,
869 2601 948 2662 quae
983 2579 1112 2656 dieitur,
1146 2582 1249 2642 exstet

173 2678 212 2757 V,
235 2680 254 2741 8
277 2677 330 2761 §2
361 2677 466 2752 δεδιώς
495 2678 552 2760 τὴν
583 2676 680 2742 αὑτοῦ
705 2679 899 2763 παρασκευὴν
929 2682 979 2741 καὶ
1011 2679 1141 2760 νομίζων
1170 2676 1248 2741 ὓπο-

173 2779 345 2864 δεεστέροος
372 2776 456 2843 εἶναι.
510 2783 715 2866 Partieipium
744 2785 785 2848 ad
805 2783 956 2848 omissum
979 2783 1157 2848 subiectum
1178 2805 1248 2866 per·

173 2886 277 2949 tineus
293 2889 396 2950 exstat
416 2884 446 2964 I,
469 2886 509 2950 69
534 2885 587 2967 §3
609 2883 729 2965 γνόντες
753 2885 785 2948 δὲ
809 2883 928 2958 εἰδότας
951 2885 1029 2969 (soil.
1044 2883 1138 2970 ὑμᾶς)
1163 2909 1248 2968 περι-

173 2992 257 3070 οροῖν.
302 2987 341 3064 V,
366 2989 435 3052 106.
484 2987 584 3072 Saepe
615 3012 652 3053 ex
682 2989 938 3054 antecedentibus
967 2989 1018 3054 vel
1046 2989 1248 3074 sequentibus

174 3091 348 3156 subiectum
378 3090 470 3154 facile
498 3095 603 3174 potest
625 3092 772 3178 eogitari:
800 3092 831 3171 I,
856 3094 916 3159 107
939 3093 993 3175 §6
1016 3093 1194 3172 νομίσαντες
1216 3091 1248 3153 δὲ

174 3192 300 3275 ἀπορεῖν
330 3193 389 3276 ὅπῃ
421 3192 598 3270 distectum,
628 3193 870 3278 ἐπεστράτευσαν
892 3193 1005 3268 αὐτοῖς.
1050 3195 1097 3274 II,
1120 3196 1161 3260 89
1184 3195 1247 3278 §Z

173 3297 382 3379 111,93§1.
426 3296 655 3378 IH,112§3.
699 3297 930 3380 111,113§2.
969 3297 1175 3383 IV,51§1.
1211 3297 1249 3376 V,
1319 3329 1322 3336 Α

174 3402 215 3465 82
242 3399 304 3482 §fa
347 3399 402 3478 IV,
427 3401 573 3483 12052.

261 3519 333 3584 Due
366 3520 567 3584 inveniuntur
598 3521 755 3603 exempla,
789 3520 844 3584 ubi
882 3525 914 3583 et
949 3519 1037 3583 notio
1073 3541 1186 3603 regens
1219 3525 1251 3584 et

176 3623 354 3688 subiectum
370 3627 417 3686 est
432 3623 599 3688 omissum:
620 3623 659 3700 V,
682 3625 721 3686 22
745 3623 798 3705 §2
822 3620 897 3704 πρὸς
919 3619 976 3704 γὰρ
999 3617 1037 3681 ἂν
1059 3620 1130 3694 τοὺς
1149 3618 1251 3702 Ἀθη-

177 3727 296 3801 ναίοος,
321 3726 346 3786 εἷ
367 3726 451 3805 ἐξῆν,
476 3733 586 3808 χωρεῖν
609 3725 686 3809 (scii
710 3724 806 3807 αὐτὴν
828 3721 993 3807 ἐνόμισαν).
1035 3723 1114 3802 VII,
1136 3727 1175 3790 51
1200 3727 1249 3804 §l

177 3825 215 3890 οὗ
235 3827 293 3910 γὰρ
325 3825 362 3888 ἂν
391 3827 445 3889 τὸν
468 3826 595 3889 ἔκπλουν
617 3829 829 3906 ἐπιβουλεῦσαι
854 3830 932 3914 (scil.
957 3826 1068 3901 αὐτοὺς
1090 3827 1250 3912 ἐνόμιζον).

176 3929 355 4015 Utrumque
379 3932 556 4015 exemplum
578 3933 775 4015 parenthesis
798 3938 852 3999 est.

264 4189 289 4256 l)
307 4188 406 4242 Herod.
424 4187 445 4255 I,
467 4187 517 4241 209
536 4185 604 4256 ὁρέω
613 4187 775 4242 infinitivum
787 4189 863 4258 regit,
881 4189 919 4242 ita
931 4189 1029 4255 tamen,
1047 4189 1080 4239 ut
1089 4185 1252 4237 infinitivum

176 4275 316 4329 antecedet
334 4272 505 4328 aecusativus
522 4273 655 4342 participii
672 4275 853 4341 praedicativi.
1026 4333 1028 4338 ,

1080 4359 1096 4412 5
