3114 5002
795 390 835 453 72

279 559 505 639 ξυμβαίνοι
534 557 574 637 II,
598 559 637 622 70
660 560 714 642 §3
736 559 783 620 dni
807 559 903 632 τοΐςδε
934 547 987 620 οὖν
1008 557 1189 638 ξυνέβησαν,
1217 560 1354 632 ἐξελθεῖν

282 659 466 735 advenirent
489 660 608 734 παῖδας.
650 660 705 738 Ν,
727 664 768 726 66
790 663 853 744 §d
887 661 941 740 IV,
960 665 1001 728 69
1024 661 1077 745 §3
1098 661 1265 743 ξυνέβησαν
1286 671 1354 736 τοῖς

277 761 457 844 Ἀθηναίοις
489 762 583 846 ῥητοῦ
613 763 670 845 μὲν
701 762 829 826 ἕκαστον
860 763 1004 849 ἀργυρίου
1042 763 1237 846 ἀπολυθῆναι
1271 763 1354 827 ὅπλα

281 865 577 950 παραδόντας-τοῖς
617 867 649 928 di
684 868 944 946 Λακεδαιμονίοις
975 873 1115 950 χρῆσθαι
1150 867 1354 950 Ἀθηναίουςι

282 993 473 1056 quamquam
515 969 690 1034 subiectum
728 970 811 1034 idem
853 976 974 1050 manet,
1017 977 1122 1036 tamen
1159 972 1354 1037 aecusativus

281 1073 411 1158 ponitur
426 1095 496 1138 cum
512 1073 675 1150 infinitivo,
693 1078 728 1138 ut
743 1073 979 1138 Lacedaemonii
993 1075 1024 1138 in
1041 1075 1197 1140 deditione
1212 1076 1357 1140 facienda

280 1200 300 1241 a
329 1176 441 1240 ceteris
471 1176 563 1240 sociis
593 1181 735 1240 accurate
759 1176 999 1261 distinguentia.
1037 1177 1260 1243 Nominativus
1281 1200 1353 1242 cum

282 1279 436 1344 infinitivo
470 1279 502 1343 in
532 1275 590 1344 ha'c
619 1279 746 1364 linguae
776 1280 1023 1344 conformatione
1052 1280 1208 1346 invenitur
1234 1279 1289 1358 Ν,
1312 1281 1354 1344 80

281 1379 336 1466 §3
359 1386 390 1448 ct
412 1381 499 1461 VIJL
520 1383 561 1448 89
583 1381 645 1467 §d

367 1481 617 1565 ὅμολογὲω*.·
649 1484 705 1558 Ν,
731 1485 792 1548 118
814 1484 889 1567 §12
910 1485 960 1545 uni
985 1481 1187 1565 ὡμολόγησαν
1213 1483 1270 1564 τὴν
1289 1483 1350 1544 ἐκε-

277 1589 395 1671 χειρίαν
416 1582 491 1650 εἶναι
514 1586 661 1665 ἐνιαυτόν,
684 1585 784 1670 ἄρχειν
804 1586 836 1648 di
859 1585 947 1667 τήνδε
969 1587 1025 1669 τὴν
1040 1585 1156 1671 ἡμέραν
1170 1588 1189 1671 ἕ
1202 1590 1250 1653 13.
1273 1587 1353 1669 §14

281 1691 452 1754 σπονδαὶ
475 1691 728 1771 γίγνονται*.·
756 1690 811 1770 Ν,
836 1691 875 1754 16
896 1692 960 1770 §L

368 1795 522 1879 Persaepe
555 1795 680 1872 accidit,
709 1799 744 1859 ut
767 1793 966 1878 Thucydides
995 1794 1192 1858 condiciones
1220 1791 1354 1857 foederis

283 1899 415 1963 alicuius
447 1902 614 1963 enumeret.
658 1896 740 1961 Tum
770 1920 807 1961 eo
838 1897 958 1961 dicendi
990 1919 1104 1982 genere
1132 1895 1246 1973 utitur,
1274 1899 1309 1958 ut
1338 1917 1354 1958 e

283 2001 411 2066 notione
441 2001 617 2086 paciscendi
646 2001 831 2086 plerumque
861 1999 951 2064 initio
979 2000 1090 2082 capitis
1116 1998 1221 2082 posite
1248 2021 1355 2063 omnes

283 2104 393 2189 capitis
415 2104 560 2168 infinitivi
582 2103 746 2188 pendeant.
799 2103 896 2169 Velut
918 2103 957 2181 V,
976 2104 1015 2166 18
1037 2099 1095 2186 §2
1125 2102 1183 2183 §3
1213 2102 1270 2184 §o
1297 2103 1354 2182 §8

284 2207 323 2285 V,
346 2209 398 2272 23.
434 2207 473 2284 V,
496 2207 546 2270 47.
579 2205 667 2284 VIII,
688 2207 737 2270 37.
773 2206 931 2278 V1H‚57.

377 2297 476 2375 Notio
505 2331 619 2395 regens
648 2309 823 2393 supplenda
851 2314 898 2373 est
926 2309 950 2387 Ι,
972 2309 1089 2388 82.§2
1113 2303 1265 2388 ὁποτέραν
1287 2301 1357 2364 dciv

287 2414 427 2496 δυνασθῇ
448 2407 523 2474 εἶναι
547 2409 604 2492 τὴν
626 2409 778 2485 ἀποικίαν,
800 2409 927 2484 τούτους
948 2419 1067 2494 κρατεῖν
1090 2414 1122 2474 et
1135 2409 1190 2487 III,
1205 2409 1246 2471 28
1268 2404 1287 2491 ξ
1305 2407 1359 2490 1¹)

286 2649 569 2731 aecusativus
595 2668 696 2730 eum
721 2647 944 2730 infinitivo
969 2665 1257 2748 epexegeseos
1280 2645 1360 2727 aut

494 2769 785 2870 appositionis
810 2769 907 2850 vice
933 2766 1147 2864 fungitur.

480 2938 563 3025 §zio
597 2939 769 3005 AccedIt
791 2941 837 3004 ad
858 2939 1164 3004 nominativum.

373 3061 479 3126 Unum
502 3060 606 3124 inveni
629 3060 805 3143 exemplum
828 3058 915 3138 VIII,
929 3060 970 3123 24
989 3063 1007 3141 ξ
1024 3059 1056 3122 5:
1090 3051 1135 3129 οἷς
1157 3053 1256 3118 ταύτὰ
1271 3052 1361 3130 ἔδοξε,

288 3165 328 3227 τὰ
351 3170 412 3226 ταῖν
431 3161 607 3243 Ἀθηναίων
626 3160 703 3242 ταχυ
725 3161 1014 3245 ξυναιρεθήσεσθαι.

510 3316 594 3403 ξ47.
628 3315 803 3380 Accedit
825 3317 871 3380 ad
893 3315 1136 3401 genetivum.

377 3439 401 3517 L
424 3441 443 3503 2
465 3437 519 3524 §6
549 3437 598 3497 καὶ
622 3432 815 3518 παράδειγμα
835 3431 903 3496 τόδε
933 3439 989 3496 τοῦ
1016 3432 1106 3516 λόγου
1129 3431 1182 3494 οὐκ
1205 3426 1362 3511 ἐλάχιστόν

292 3544 365 3620 ἐστι,
389 3540 440 3602 διὰ
463 3540 518 3614 τὰς
540 3536 728 3620 μετοικήσας
751 3537 790 3598 τὰ
813 3535 890 3599 ἄλλα
911 3537 956 3619 μὴ
980 3535 1092 3616 ὁμοίως
1115 3533 1295 3616 αὐξηθῆναι.

490 3695 574 3782 §da
604 3693 780 3758 Accedit
804 3693 848 3756 ad
872 3691 1157 3756 accusativum.

277 3823 281 3834 ’
374 3814 429 3894 ΠΙ,
442 3818 483 3881 56
505 3813 555 3900 §2
579 3812 659 3875 κατὰ
675 3812 729 3876 τὸν
749 3817 824 3872 πᾶσι
842 3808 934 3890 νόμον
949 3815 1144 3886 καθεστῶτα,
1168 3807 1222 3871 τὸν
1237 3805 1361 3868 ἐσιόντα

290 3917 435 3998 πολέμιον
458 3915 542 3980 ὅσιον
564 3912 639 3980 εἶναι
663 3913 848 3997 ἀμύνεσθαι.

290 4059 493 4070 ——--

378 4125 403 4191 l)
422 4121 550 4176 Herodoti
568 4120 688 4189 proprius
706 4121 730 4173 is
748 4122 789 4173 est
806 4135 882 4186 usus,
900 4121 932 4172 ut
949 4134 996 4186 per
1014 4115 1211 4170 anacoluthiam
1230 4113 1362 4182 quandam

290 4213 349 4278 post
367 4209 523 4276 locutionea
542 4207 634 4276 quales
658 4209 721 4260 sunt
739 4203 774 4260 ὡς
791 4203 905 4274 λέγουσι,
925 4202 960 4259 ὡς
977 4201 1079 4273 λέγεται
1097 4202 1163 4257 alias
1184 4199 1363 4269 parenthetica

291 4296 398 4364 positas,
417 4294 603 4350 accusativum
621 4309 683 4347 curn
702 4292 831 4346 infinitivo
849 4307 897 4360 pro
915 4291 997 4344 verbo
1015 4289 1089 4342 finito
1106 4289 1193 4358 ponat.
