3108 5006
782 389 824 452 24

264 558 388 623 eissima
409 560 533 624 videtur
555 580 635 622 esse:
666 579 737 622 oum
752 558 899 623 Classeno
922 565 985 632 τοῖς
1008 558 1042 621 δέ
1062 562 1095 625 in
1110 559 1180 632 τοὺς
1195 558 1229 620 δέ
1241 566 1338 640 muto,

202 648 204 651 ¹
236 673 240 681 ’
263 661 296 724 in
318 661 429 726 ceteris
452 662 595 726 oodieum
617 661 785 726 leotionem
807 684 929 745 sequor.

349 763 548 848 Thucydides
574 764 657 828 enim
676 763 710 828 id
733 765 834 828 dicere
856 765 933 842 vult,
962 764 1208 849 Peloponnesios
1230 791 1338 831 unam·

264 889 420 950 quamque
436 864 589 950 (dunowa)
605 871 729 950 partem
745 867 906 951 copiarum
923 891 1057 946 suarum,
1077 869 1127 933 vol
1141 870 1339 953 optimarum

263 969 400 1034 libenter
430 992 496 1034 esse
525 970 621 1034 morti
652 971 830 1046 oblaturos,
863 975 899 1034 ut
927 971 1135 1036 Athenienses
1166 972 1338 1037 vincerent:

264 1072 318 1156 qui
341 1072 484 1155 quidem,
508 1073 535 1136 si
555 1073 617 1156 ipsi
638 1073 781 1150 vincunt,
806 1073 886 1136 nihil
907 1075 968 1138 nisi
989 1075 1121 1160 Megara
1142 1075 1284 1158 capiunt,
1312 1076 1339 1138 si

263 1175 445 1252 vincuntur,
475 1177 604 1260 optimis
642 1177 747 1262 gravis
778 1181 954 1242 armaturae
983 1178 1137 1242 militibus
1166 1178 1337 1261 privantur.

261 1277 307 1342 At
336 1279 412 1362 quid
441 1275 600 1358 ξυμπάσης
631 1281 686 1358 τῆς
716 1277 872 1357 δυνάμεως
904 1281 952 1340 καὶ
977 1285 1038 1340 ταῖν
1060 1279 1220 1363 παρόντων
1242 1281 1337 1366 signi-

262 1381 358 1446 fieat?
403 1381 462 1446 His
484 1381 646 1446 vocabulis
670 1381 869 1466 Thucydides
892 1383 1063 1466 signifieat,
1092 1383 1338 1468 Peloponnesios

263 1484 427 1549 victoriam
459 1486 498 1549 ab
528 1485 775 1550 Atheniensibus
804 1487 1026 1569 reportandam
1056 1488 1136 1550 tanti
1165 1487 1338 1563 aestimare,

265 1591 301 1650 ut
327 1589 378 1652 vel
400 1589 498 1652 totius
526 1589 682 1652 sociorum
705 1589 859 1652 exereitus
882 1593 1020 1672 partem,
1050 1590 1077 1654 si
1099 1595 1186 1654 totus
1209 1591 1339 1668 adesset,

264 1689 416 1772 optimam
439 1691 535 1756 morti
558 1691 696 1755 oblaturi
718 1696 829 1769 essent,
851 1692 953 1756 multo
975 1693 1077 1777 magis
1100 1691 1171 1765 τούς
1187 1690 1340 1776 παρόντας

263 1792 409 1857 hostibus
433 1798 637 1878 opponerent.

351 1896 387 1962 In
410 1898 469 1962 hoc
492 1897 562 1962 loeo
587 1898 781 1962 emendando
805 1896 1093 1980 eriamuoetzius1)
1120 1913 1247 1982 operam
1267 1921 1341 1962 oon-

261 2000 411 2084 sumpsit‚
442 2001 496 2085 qui
522 2000 568 2064 ita
590 2001 713 2067 scribit:
745 2002 816 2076 τοὺς
851 2001 898 2080 δέ,
926 1999 1085 2080 ξυμπάσης
1108 2005 1163 2080 τῆς
1185 1999 1340 2080 δυνάμεως

266 2103 315 2162 καὶ
348 2106 410 2163 τῶν
440 2100 601 2186 παρόντων
627 2102 719 2187 μέρος
751 2106 818 2190 (qui
844 2109 967 2189 partem
997 2105 1095 2170 totius
1127 2105 1280 2168 exercitus
1309 2109 1340 2168 et

265 2207 477 2290 praesentium
512 2207 701 2291 efficerent),
738 2207 865 2268 {baasor
899 2208 1037 2268 κίνδυνον
1066 2205 1189 2279 εἰκότως
1224 2205 1340 2268 ἐθέλειν

263 2312 390 2387 τολμᾶν.
437 2309 474 2373 In
506 2311 566 2375 hac
596 2312 776 2376 coniectura
805 2313 884 2375 duae
913 2333 963 2374 res
993 2311 1171 2394 sompnium
1198 2315 1341 2375 movent:

265 2411 402 2495 primum
425 2415 507 2478 enim
528 2415 648 2493 dubito,
669 2437 745 2492 num
769 2437 787 2478 a
808 2415 903 2478 verbo
927 2417 1045 2492 τολμᾶν
1060 2414 1255 2478 aecusativus
1278 2414 1341 2474 κίν-

265 2514 355 2575 δυνον
383 2517 519 2598 pendere
549 2519 665 2601 possit,
700 2518 810 2582 deinde
845 2516 1002 2602 appositio
1035 2517 1091 2580 illa
1119 2523 1167 2580 est
1196 2517 1340 2580 absurda.

263 2616 348 2682 Nam
378 2617 449 2691 τοὺς
481 2618 515 2680 d'e'
541 2644 615 2685 sane
645 2619 737 2705 μέρος
765 2618 924 2700 ξυμπάσης
955 2624 1011 2700 τῆς
1041 2617 1211 2698 δυνάμεως,
1240 2619 1273 2682 id
1294 2623 1341 2682 est

262 2719 503 2788 Atheniensium
525 2725 665 2789 hostium
688 2728 769 2802 sunt,
790 2746 853 2787 non
877 2727 949 2787 sunt
970 2721 1061 2804 μέρος
1083 2727 1145 2783 τοῖν
1170 2718 1339 2804 παρόντων,

263 2824 318 2888 sed
342 2822 370 2884 oi
393 2823 540 2908 παρόντες
561 2827 630 2910 ipsi.

346 2926 556 3011 θεραπεύω
592 2929 749 3013 (oave0)*:
789 2927 848 3007 VI,
872 2930 911 2992 61
943 2929 1003 3009 §5
1042 2913 1263 3011 θεραπεύοντος
1300 2924 1336 2986 τό

260 3051 291 3090 τε
321 3029 396 3112 πρὸς
427 3030 498 3104 τοὺς
529 3031 559 3092 ἓν
597 3035 637 3113 τῇ
666 3033 789 3117 Σικελία
817 3027 1007 3112 στραταότας
1037 3053 1067 3091 τε
1099 3039 1262 3114 σφετέρους
1289 3031 1338 3090 καὶ

260 3133 422 3212 πολεμίους
459 3133 504 3215 μὴ
545 3139 706 3216 θορυβεῖν,
747 3137 796 3194 καὶ
841 3131 895 3214 οὐχ
935 3130 1046 3213 ἣκιστα
1074 3181 1080 3192 .
1110 3181 1117 3193 .
1146 3131 1338 3212 βουλόμενοι.

260 3234 358 3300 Reate
382 3238 548 3303 Classenus
571 3239 647 3302 dicit
668 3238 855 3322 particulam
886 3260 916 3297 τε
939 3241 1012 3320 post
1040 3233 1076 3296 τό
1098 3237 1235 3320 positam
1258 3235 1338 3300 nihil

260 3338 392 3417 habere,
429 3365 491 3426 quo
520 3343 689 3406 referatur:
725 3340 826 3404 simile
864 3340 946 3404 enim
977 3340 1123 3404 dictionis
1151 3339 1338 3417 membrum,

263 3444 348 3526 quod
371 3449 576 3528 exspectetur,
599 3444 692 3509 aeleri
714 3444 900 3507 narrationis
924 3445 1054 3508 decursu
1076 3443 1242 3527 participio
1263 3447 1339 3520 βου-

262 3542 383 3624 λόμενοι
420 3547 632 3631 compensari:
673 3547 706 3610 in
742 3568 779 3610 eo
818 3551 922 3610 autem
953 3569 1071 3610 errasse
1100 3546 1179 3610 mihi
1208 3545 1339 3624 videtur,

264 3649 349 3730 quod
381 3650 547 3714 articulum
577 3648 613 3710 τό
640 3649 791 3714 hocloco
816 3650 926 3713 eodem
947 3650 1041 3714 modo
1064 3653 1249 3732 usurpatum
1271 3671 1339 3713 esse

260 3750 350 3829 dioit,
380 3775 442 3835 quo
469 3757 542 3835 post
571 3745 667 3816 verba
696 3750 782 3834 εἴργω
806 3759 838 3816 et
858 3753 1008 3836 similiar)
1031 3753 1086 3818 ubi
1108 3751 1276 3816 transitum
1299 3753 1339 3816 ad

265 3853 453 3919 infinitivum
477 3856 581 3920 efficit.
627 3855 794 3940 Equidem·
807 3856 943 3920 arbitror
965 3857 1095 3920 verbum
1116 3859 1263 3937 θορυβεῖν
1278 3856 1339 3918 hoo

346 4094 371 4161 1)
391 4093 510 4146 Goetz:
530 4094 563 4146 de
580 4093 696 4162 genetivi
710 4093 952 4162 usuThuoydideo,
967 4093 1036 4145 Diss.
1047 4091 1156 4146 Halens.
1170 4090 1243 4153 1883,
1259 4108 1283 4159 p.
1296 4091 1336 4144 27.

344 4178 370 4246 2)
389 4179 497 4233 Confer:
525 4179 560 4246 ΙΙ,
578 4177 610 4232 81
631 4180 685 4244 §A
711 4179 761 4248 III,
781 4181 793 4231 1
814 4182 866 4248 §L
891 4181 937 4246 Vl,
958 4181 971 4230 1
991 4179 1043 4246 §2-
1067 4178 1128 4245 VH,
1147 4178 1179 4231 33
1197 4179 1212 4246 ᾖ
1228 4178 1251 4230 3.
1275 4177 1336 4241 Vll=

156 4253 157 4256 ‘
258 4263 362 4331 sesi.
