3114 5002
787 443 847 506 108

282 615 366 698 170).
400 614 566 678 Praeterea
589 613 640 676 hic
662 634 736 677 usus
760 614 843 696 apud
864 619 1006 678 nostrum
1030 613 1130 678 multo
1151 613 1246 678 latius
1268 615 1353 678 valet

280 741 375 801 quam
397 717 480 800 apud
503 715 708 780 Herodotum.
721 716 743 798 1)

280 1057 535 1140 Inflnltlvus
562 1079 662 1141 eum
689 1059 880 1140 articulo
905 1059 1167 1140 coniunctus
1190 1080 1353 1160 cpcxc·

361 1198 508 1276 gescos
535 1179 607 1261 vel
633 1178 921 1280 appositionis
947 1178 1044 1260 vice
1069 1179 1283 1276 fungitur.

415 1374 418 1380 '
467 1367 550 1449 §82
594 1367 767 1431 Accedit
789 1366 834 1430 ad
857 1367 1159 1432 nominativum.

364 1485 541 1552 Infinitivus
565 1510 634 1551 cum
658 1487 789 1551 articulo
809 1485 1014 1570 appositionis
1036 1488 1102 1552 vice
1125 1487 1244 1551 nomini
1266 1490 1352 1550 ante-

280 1591 401 1654 cedenti
436 1586 577 1654 additum
614 1591 678 1654 vim
715 1590 913 1674 generalem,
948 1612 1028 1673 quac
1065 1591 1249 1674 plerumque
1279 1588 1354 1652 huic

280 1693 400 1756 nomini
435 1693 533 1771 inest,
571 1693 745 1757 accuratius
783 1691 918 1774 explicat
955 1698 986 1757 et
1022 1692 1178 1757 describit.
1237 1689 1353 1754 Omnes

280 1799 385 1859 autem
417 1819 471 1860 eae
503 1795 712 1874 definitiones,
748 1817 828 1878 quae
861 1795 934 1858 huic
966 1795 1021 1858 fini
1053 1795 1240 1871 inserviunt,
1271 1793 1355 1857 iuter

281 1897 447 1961 articulum
471 1903 501 1962 et
516 1898 705 1962 infinitivum
719 1899 908 1976 inseruntur,
931 1921 992 1981 qua
1006 1899 1173 1963 verborum
1195 1895 1353 1980 positione

280 2023 342 2063 una
366 2000 448 2064 effici
470 2000 594 2064 videtur
615 2001 710 2066 notio.
754 2000 804 2066 lta
825 2001 975 2087 legimus:
1005 2000 1033 2078 Ι,
1054 2002 1094 2064 32
1118 1999 1173 2082 §4
1195 2000 1244 2060 καὶ
1267 2021 1352 2080 περι-

280 2101 404 2182 έστηκεν
433 2099 451 2184 ip
483 2104 615 2165 δοκοῦσα
644 2101 731 2185 ἡμῶν
762 2102 907 2187 πρότερον
937 2100 1135 2186 σωφροσύνη,
1173 2101 1208 2164 τὸ
1238 2099 1284 2181 μὴ
1321 2101 1353 2162 ἓν

281 2201 426 2290 ἀλλοτρίᾳ
448 2207 602 2292 ξυμμαχίᾳ
631 2211 671 2290 τῇ
698 2212 753 2268 τοῦ
777 2206 868 2280 πίλας
890 2204 995 2289 γνώμῃ
1022 2201 1269 2286 ξυηεκινὸονείειν,
1300 2209 1354 2264 νῦν

282 2305 414 2384 ἀβουλία
451 2311 500 2370 καί
535 2307 681 2372 ἀσθένεια
714 2309 893 2394 φαινομένη.
948 2309 1109 2374 Habemus
1142 2307 1353 2374 accusativum

280 2433 352 2474 cum
379 2411 533 2476 infinitivo
565 2436 635 2477 cum
666 2415 796 2478 articulo
827 2413 1027 2478 coniunctum
1054 2410 1259 2496 appositionis
1287 2410 1354 2474 vice

281 2513 480 2597 fungentem:
509 2514 539 2592 l,
561 2516 600 2578 41
625 2515 678 2598 §2
704 2517 753 2577 καί
785 2513 804 2596 ἡ
831 2513 982 2600 εὐεργεσία
1015 2509 1094 2594 αὕτη
1124 2537 1155 2575 τε
1186 2514 1236 2574 καί
1268 2508 1287 2592 ἡ
1324 2513 1355 2585 ἐς

281 2617 433 2695 Σαμίους,
456 2615 492 2678 τὸ
515 2617 552 2677 δι’
576 2613 657 2697 ἡμᾶς
679 2619 947 2697 Πελοποννησίους
969 2614 1073 2690 αὐτοῖς
1094 2615 1139 2698 μὴ
1160 2621 1299 2696 βοηθεῖν.

470 2787 488 2870 ἕ
511 2791 559 2854 83,
605 2790 777 2854 Accedit
800 2789 846 2853 ad
869 2789 1163 2854 accusativum.

369 2907 515 2993 Legimus
536 2908 574 2987 V,
597 2911 616 2973 9
640 2907 694 2993 §9
721 2909 826 2974 locum
855 2933 872 2972 a
902 2907 1060 2975 codicibus
1089 2908 1135 2972 ita
1165 2906 1355 2972 exhibitum:

284 3010 428 3089 νομίσατε
452 3005 527 3072 εἶναι
551 3017 608 3072 τοῦ
629 3015 728 3084 καλοῖς
752 3016 892 3090 πολεμεῖν
915 3009 950 3073 τὸ
973 3008 1088 3072 zallen
1117 3011 1166 3071 καί
1190 3009 1225 3071 τὸ
1248 3005 1355 3089 αἰσχύ-

282 3117 390 3174 νεσθαι
413 3117 463 3174 καί
486 3123 550 3187 τοῖς
566 3112 691 3197 ίίρχουστ
707 3116 883 3177 πείθεσθαι.
930 3113 1020 3178 Hanc
1041 3113 1228 3197 scripturam
1250 3112 1355 3177 Boeb-

282 3219 363 3281 mius
391 3218 513 3282 retinet.
564 3216 740 3282 Scholiasta
764 3220 894 3283 adnotat
917 3213 964 3278 ὅτε
995 3214 1025 3276 ἐκ
1049 3221 1141 3296 τριοῖν
1162 3217 1292 3296 γίγνεται
1318 3213 1354 3274 τὸ

282 3323 382 3392 καλαῖς
413 3324 561 3399 πολεμεῖν.
614 3320 716 3396 Quare
747 3320 887 3384 Stahlius
917 3320 996 3384 mihi
1027 3319 1152 3402 quidem
1184 3317 1355 3384 rectissime

281 3425 405 3487 videtur
434 3425 607 3488 restituisse
641 3424 784 3503 νομίσατε
815 3423 884 3505 τρία
910 3416 984 3482 εἶναι
1010 3427 1064 3482 τοῦ
1086 3425 1186 3514 καλαῖς
1206 3424 1354 3499 πολεμεῖν.

284 3526 354 3590 Ηοο
376 3527 402 3590 si
426 3526 606 3603 scribimus,
636 3549 743 3590 omnes
773 3532 836 3590 tres
861 3525 1007 3589 infinitivi
1029 3525 1195 3588 articulum
1218 3523 1356 3607 accipere

284 3629 405 3693 debent.
451 3627 580 3694 Minime
596 3634 700 3694 autem
717 3629 866 3693 articulus
889 3631 961 3692 ante
976 3627 1166 3711 infinitivum
1188 3626 1356 3687 πείθεσθαι

285 3735 390 3814 potest
413 3732 532 3808 omitti;
562 3732 616 3816 qui
639 3732 666 3796 si
689 3733 823 3808 deesset,
853 3754 902 3795 res
931 3730 1009 3794 bene
1032 3731 1170 3816 gerenda
1199 3751 1262 3793 non
1284 3733 1357 3805 tres,

285 3835 340 3897 sed
367 3834 443 3897 duas
470 3855 520 3898 res
543 3835 731 3919 requireret,
762 3834 878 3917 quippe
909 3835 993 3917 quod
1016 3831 1215 3912 αἰσχύνεσθαι
1238 3837 1269 3897 et
1291 3831 1356 3892 πεί-

285 3941 403 3998 θεσθαι
427 3960 522 4004 uuam
544 3938 682 4001 efficeret
701 3935 870 4000 notionem.
916 3935 987 4000 Huc
1012 3935 1145 4014 accedit,
1174 3936 1259 4020 quod
1292 3935 1358 3996 πεί-

287 4044 406 4102 θεσθαι
437 4041 547 4104 ecdem
569 4041 679 4117 modo,
709 4061 771 4122 quo
801 4039 841 4102 ad
864 4036 1080 4119 αἰσχύνεσθαι,
1111 4039 1151 4102 ad
1173 4037 1288 4099 ἐθέλειν
1311 4042 1360 4102 est

375 4245 399 4312 1)
419 4242 497 4311 Apud
515 4242 680 4296 Herodotum
704 4257 767 4296 cum
790 4241 921 4295 infinitivo
940 4242 1137 4311 coniungimtur
1153 4239 1361 4310 praepositiones

288 4330 371 4390 αετσί,
391 4326 470 4397 ἀντί,
489 4333 553 4397 περί
568 4328 672 4396 (positio
690 4332 731 4382 est
751 4325 905 4398 singularis:
924 4333 975 4378 τοῦ
991 4328 1134 4394 βακχεύειν
1152 4328 1222 4396 πέρι)
1242 4330 1279 4377 εὐ.
