<?xml version="1.0" encoding="UTF-8"?>
<!DOCTYPE html PUBLIC "-//W3C//DTD XHTML 1.0 Transitional//EN"
    "http://www.w3.org/TR/xhtml1/DTD/xhtml1-transitional.dtd">
<html xmlns="http://www.w3.org/1999/xhtml" xml:lang="en" lang="en">
 <head>
  <title>
</title>
<meta http-equiv="Content-Type" content="text/html;charset=utf-8" />
  <meta name='ocr-system' content='tesseract 3.04.00' />
  <meta name='ocr-capabilities' content='ocr_page ocr_carea ocr_par ocr_line ocrx_word'/>
</head>
<body>
  <div class='ocr_page' id='page_1' title='image "./deinfinitiviusu00michgoog_0013.png"; bbox 0 0 3108 5006; ppageno 0'>
   <div class='ocr_carea' id='block_1_1' title="bbox 786 377 807 442">
    <p class='ocr_par' dir='ltr' id='par_1_1' title="bbox 786 377 807 442">
     <span class='ocr_line' id='line_1_1' title="bbox 786 377 807 442; baseline 0 0"><span class='ocrx_word' id='word_1_1' title='bbox 786 377 807 442; x_wconf 99' lang='lat'>4</span> 
     </span>
    </p>
   </div>
   <div class='ocr_carea' id='block_1_2' title="bbox 261 542 1334 836">
    <p class='ocr_par' dir='ltr' id='par_1_2' title="bbox 261 542 1334 836">
     <span class='ocr_line' id='line_1_2' title="bbox 304 542 1334 630; baseline 0.001 -23"><span class='ocrx_word' id='word_1_2' title='bbox 304 545 366 626; x_wconf 83' lang='grc' dir='ltr'>ΠΙ,</span> <span class='ocrx_word' id='word_1_3' title='bbox 389 547 429 610; x_wconf 83' lang='grc'>38</span> <span class='ocrx_word' id='word_1_4' title='bbox 451 545 521 627; x_wconf 79' lang='lat' dir='ltr'>§lz</span> <span class='ocrx_word' id='word_1_5' title='bbox 551 542 732 625; x_wconf 74' lang='grc' dir='ltr'><em>ἀμύνασθαι</em></span> <span class='ocrx_word' id='word_1_6' title='bbox 754 545 786 606; x_wconf 73' lang='grc' dir='ltr'>δὲ</span> <span class='ocrx_word' id='word_1_7' title='bbox 808 593 816 606; x_wconf 92' lang='grc'><strong>.</strong></span> <span class='ocrx_word' id='word_1_8' title='bbox 839 593 846 606; x_wconf 95' lang='grc'><strong><em>.</em></strong></span> <span class='ocrx_word' id='word_1_9' title='bbox 871 592 879 606; x_wconf 94' lang='grc'><strong>.</strong></span> <span class='ocrx_word' id='word_1_10' title='bbox 904 592 911 607; x_wconf 91' lang='grc'><strong>.</strong></span> <span class='ocrx_word' id='word_1_11' title='bbox 934 544 1071 626; x_wconf 78' lang='grc' dir='ltr'><strong><em>μάλιστα</em></strong></span> <span class='ocrx_word' id='word_1_12' title='bbox 1101 546 1158 628; x_wconf 81' lang='grc' dir='ltr'>τὴν</span> <span class='ocrx_word' id='word_1_13' title='bbox 1185 547 1334 630; x_wconf 71' lang='grc' dir='ltr'><em>τιμωρίαν</em></span> 
     </span>
     <span class='ocr_line' id='line_1_3' title="bbox 261 645 1333 736; baseline 0.001 -26"><span class='ocrx_word' id='word_1_14' title='bbox 261 646 471 728; x_wconf 76' lang='grc' dir='ltr'><em>ἀναλαμβάνει</em></span> <span class='ocrx_word' id='word_1_15' title='bbox 488 654 520 714; x_wconf 84' lang='lat' dir='ltr'>et</span> <span class='ocrx_word' id='word_1_16' title='bbox 533 648 590 728; x_wconf 86' lang='lat' dir='ltr'>III,</span> <span class='ocrx_word' id='word_1_17' title='bbox 612 651 653 714; x_wconf 84' lang='lat'>39</span> <span class='ocrx_word' id='word_1_18' title='bbox 672 646 691 730; x_wconf 56' lang='grc' dir='ltr'>ᾖ</span> <span class='ocrx_word' id='word_1_19' title='bbox 706 648 738 713; x_wconf 85' lang='lat'>7:</span> <span class='ocrx_word' id='word_1_20' title='bbox 762 645 836 709; x_wconf 78' lang='grc' dir='ltr'><em>ὅταν</em></span> <span class='ocrx_word' id='word_1_21' title='bbox 851 645 872 728; x_wconf 80' lang='grc' dir='ltr'><strong><em>ἢ</em></strong></span> <span class='ocrx_word' id='word_1_22' title='bbox 886 646 1123 736; x_wconf 77' lang='grc' dir='ltr'><em>κατορθώσαντι</em></span> <span class='ocrx_word' id='word_1_23' title='bbox 1135 649 1333 734; x_wconf 69' lang='grc' dir='ltr'><strong><em>ἐλευθέρωσις</em></strong></span> 
     </span>
     <span class='ocr_line' id='line_1_4' title="bbox 261 741 935 836; baseline -0.003 -22"><span class='ocrx_word' id='word_1_24' title='bbox 261 741 280 835; x_wconf 78' lang='grc' dir='ltr'><strong><em>ᾗ</em></strong></span> <span class='ocrx_word' id='word_1_25' title='bbox 302 748 324 832; x_wconf 78' lang='grc' dir='ltr'><strong><em>ἢ</em></strong></span> <span class='ocrx_word' id='word_1_26' title='bbox 343 750 485 836; x_wconf 66' lang='lat' dir='ltr'>cochlare</span> <span class='ocrx_word' id='word_1_27' title='bbox 507 750 603 831; x_wconf 76' lang='grc' dir='ltr'><em>μηδὲν</em></span> <span class='ocrx_word' id='word_1_28' title='bbox 625 755 738 814; x_wconf 70' lang='grc' dir='ltr'><em>παθεῖν</em></span> <span class='ocrx_word' id='word_1_29' title='bbox 760 747 935 832; x_wconf 80' lang='grc' dir='ltr'><em>ἀνήκεστον.</em></span> 
     </span>
    </p>
   </div>
   <div class='ocr_carea' id='block_1_3' title="bbox 282 987 1309 1074">
    <p class='ocr_par' dir='ltr' id='par_1_3' title="bbox 282 987 1309 1074">
     <span class='ocr_line' id='line_1_5' title="bbox 282 987 1309 1074; baseline 0.001 -20"><span class='ocrx_word' id='word_1_30' title='bbox 282 989 345 1072; x_wconf 63' lang='lat'>53.</span> <span class='ocrx_word' id='word_1_31' title='bbox 391 990 644 1055; x_wconf 85' lang='lat' dir='ltr'>Infinitivus</span> <span class='ocrx_word' id='word_1_32' title='bbox 667 991 890 1056; x_wconf 90' lang='lat' dir='ltr'>absolutus</span> <span class='ocrx_word' id='word_1_33' title='bbox 912 992 997 1055; x_wconf 90' lang='lat' dir='ltr'>sine</span> <span class='ocrx_word' id='word_1_34' title='bbox 1020 987 1069 1062; x_wconf 82' lang='grc' dir='ltr'>ὡς</span> <span class='ocrx_word' id='word_1_35' title='bbox 1090 991 1309 1074; x_wconf 87' lang='lat' dir='ltr'>particula,</span> 
     </span>
    </p>
   </div>
   <div class='ocr_carea' id='block_1_4' title="bbox 255 1109 1332 4070">
    <p class='ocr_par' dir='ltr' id='par_1_4' title="bbox 259 1109 1332 2427">
     <span class='ocr_line' id='line_1_6' title="bbox 346 1109 1332 1192; baseline 0.001 -19"><span class='ocrx_word' id='word_1_36' title='bbox 346 1109 574 1175; x_wconf 87' lang='lat' dir='ltr'>Delbrneckius</span> <span class='ocrx_word' id='word_1_37' title='bbox 587 1109 610 1192; x_wconf 82' lang='lat'>1)</span> <span class='ocrx_word' id='word_1_38' title='bbox 647 1110 680 1174; x_wconf 90' lang='lat' dir='ltr'>in</span> <span class='ocrx_word' id='word_1_39' title='bbox 712 1109 930 1175; x_wconf 78' lang='lat' dir='ltr'><strong>dissertatione</strong></span> <span class='ocrx_word' id='word_1_40' title='bbox 963 1133 1020 1174; x_wconf 87' lang='lat' dir='ltr'>sua</span> <span class='ocrx_word' id='word_1_41' title='bbox 1053 1111 1137 1174; x_wconf 89' lang='lat' dir='ltr'>hunc</span> <span class='ocrx_word' id='word_1_42' title='bbox 1168 1131 1259 1174; x_wconf 91' lang='lat' dir='ltr'>usum</span> <span class='ocrx_word' id='word_1_43' title='bbox 1295 1133 1332 1174; x_wconf 83' lang='lat' dir='ltr'>ex</span> 
     </span>
     <span class='ocr_line' id='line_1_7' title="bbox 262 1211 1332 1295; baseline -0.002 -17"><span class='ocrx_word' id='word_1_44' title='bbox 262 1235 354 1278; x_wconf 90' lang='lat' dir='ltr'>sensu</span> <span class='ocrx_word' id='word_1_45' title='bbox 376 1212 545 1277; x_wconf 84' lang='lat' dir='ltr'>accusativi</span> <span class='ocrx_word' id='word_1_46' title='bbox 574 1213 627 1295; x_wconf 93' lang='lat' dir='ltr'>qui</span> <span class='ocrx_word' id='word_1_47' title='bbox 650 1213 764 1277; x_wconf 90' lang='lat' dir='ltr'>dicitur</span> <span class='ocrx_word' id='word_1_48' title='bbox 786 1211 897 1277; x_wconf 78' lang='lat' dir='ltr'>Graeci</span> <span class='ocrx_word' id='word_1_49' title='bbox 920 1213 1054 1278; x_wconf 83' lang='lat' dir='ltr'>derivari</span> <span class='ocrx_word' id='word_1_50' title='bbox 1076 1213 1151 1276; x_wconf 88' lang='lat' dir='ltr'>vult.</span> <span class='ocrx_word' id='word_1_51' title='bbox 1195 1211 1332 1290; x_wconf 87' lang='lat' dir='ltr'>Rectius,</span> 
     </span>
     <span class='ocr_line' id='line_1_8' title="bbox 259 1314 1331 1393; baseline -0.001 -13"><span class='ocrx_word' id='word_1_52' title='bbox 259 1321 296 1380; x_wconf 89' lang='lat' dir='ltr'>ut</span> <span class='ocrx_word' id='word_1_53' title='bbox 324 1316 402 1380; x_wconf 88' lang='lat' dir='ltr'>mihi</span> <span class='ocrx_word' id='word_1_54' title='bbox 430 1314 569 1393; x_wconf 81' lang='lat' dir='ltr'>videtur,</span> <span class='ocrx_word' id='word_1_55' title='bbox 601 1315 809 1380; x_wconf 89' lang='lat' dir='ltr'>Heilmannus</span> <span class='ocrx_word' id='word_1_56' title='bbox 839 1315 914 1380; x_wconf 87' lang='lat' dir='ltr'>dicit</span> <span class='ocrx_word' id='word_1_57' title='bbox 940 1315 973 1379; x_wconf 92' lang='lat' dir='ltr'>in</span> <span class='ocrx_word' id='word_1_58' title='bbox 1002 1315 1156 1380; x_wconf 87' lang='lat' dir='ltr'>infinitivo</span> <span class='ocrx_word' id='word_1_59' title='bbox 1186 1315 1331 1379; x_wconf 87' lang='lat' dir='ltr'>absoluto</span> 
     </span>
     <span class='ocr_line' id='line_1_9' title="bbox 260 1415 1332 1501; baseline -0.002 -18"><span class='ocrx_word' id='word_1_60' title='bbox 260 1420 324 1484; x_wconf 81' lang='lat' dir='ltr'>rim</span> <span class='ocrx_word' id='word_1_61' title='bbox 346 1418 474 1483; x_wconf 87' lang='lat' dir='ltr'>looativi</span> <span class='ocrx_word' id='word_1_62' title='bbox 497 1417 580 1482; x_wconf 89' lang='lat' dir='ltr'>clare</span> <span class='ocrx_word' id='word_1_63' title='bbox 603 1439 768 1501; x_wconf 87' lang='lat' dir='ltr'>apparere:</span> <span class='ocrx_word' id='word_1_64' title='bbox 797 1419 980 1483; x_wconf 88' lang='lat' dir='ltr'>vertendum</span> <span class='ocrx_word' id='word_1_65' title='bbox 1002 1441 1069 1482; x_wconf 91' lang='lat' dir='ltr'>esse</span> <span class='ocrx_word' id='word_1_66' title='bbox 1092 1418 1189 1478; x_wconf 78' lang='grc' dir='ltr'><em>δοκεῖν</em></span> <span class='ocrx_word' id='word_1_67' title='bbox 1209 1439 1263 1496; x_wconf 87' lang='grc' dir='ltr'>μοι</span> <span class='ocrx_word' id='word_1_68' title='bbox 1291 1415 1332 1501; x_wconf 83' lang='lat' dir='ltr'>(si</span> 
     </span>
     <span class='ocr_line' id='line_1_10' title="bbox 260 1519 1332 1606; baseline -0.001 -21"><span class='ocrx_word' id='word_1_69' title='bbox 260 1521 387 1606; x_wconf 89' lang='lat' dir='ltr'>quidem</span> <span class='ocrx_word' id='word_1_70' title='bbox 424 1519 577 1605; x_wconf 80' lang='lat' dir='ltr'><strong>originem</strong></span> <span class='ocrx_word' id='word_1_71' title='bbox 610 1521 704 1584; x_wconf 90' lang='lat' dir='ltr'>huius</span> <span class='ocrx_word' id='word_1_72' title='bbox 732 1520 854 1584; x_wconf 90' lang='lat' dir='ltr'>dicendi</span> <span class='ocrx_word' id='word_1_73' title='bbox 883 1520 1006 1606; x_wconf 84' lang='lat' dir='ltr'>generis</span> <span class='ocrx_word' id='word_1_74' title='bbox 1036 1519 1227 1605; x_wconf 81' lang='lat' dir='ltr'>spectamur)</span> <span class='ocrx_word' id='word_1_75' title='bbox 1264 1521 1332 1600; x_wconf 89' lang='lat' dir='ltr'>„im</span> 
     </span>
     <span class='ocr_line' id='line_1_11' title="bbox 261 1619 1331 1707; baseline 0.001 -20"><span class='ocrx_word' id='word_1_76' title='bbox 261 1622 412 1687; x_wconf 88' lang='lat' dir='ltr'>Bereiche</span> <span class='ocrx_word' id='word_1_77' title='bbox 441 1623 495 1687; x_wconf 93' lang='lat' dir='ltr'>des</span> <span class='ocrx_word' id='word_1_78' title='bbox 523 1623 584 1688; x_wconf 92' lang='lat' dir='ltr'>mir</span> <span class='ocrx_word' id='word_1_79' title='bbox 613 1622 817 1688; x_wconf 82' lang='lat' dir='ltr'>Schoinens“:</span> <span class='ocrx_word' id='word_1_80' title='bbox 847 1622 1034 1707; x_wconf 80' lang='lat' dir='ltr'>perticulam</span> <span class='ocrx_word' id='word_1_81' title='bbox 1057 1619 1097 1695; x_wconf 81' lang='grc' dir='ltr'>ὡς</span> <span class='ocrx_word' id='word_1_82' title='bbox 1126 1623 1218 1688; x_wconf 87' lang='lat' dir='ltr'>facile</span> <span class='ocrx_word' id='word_1_83' title='bbox 1246 1645 1331 1687; x_wconf 86' lang='lat' dir='ltr'>acce·</span> 
     </span>
     <span class='ocr_line' id='line_1_12' title="bbox 261 1719 1332 1809; baseline -0.003 -19"><span class='ocrx_word' id='word_1_84' title='bbox 261 1727 350 1803; x_wconf 86' lang='lat' dir='ltr'>dere,</span> <span class='ocrx_word' id='word_1_85' title='bbox 381 1725 466 1809; x_wconf 92' lang='lat' dir='ltr'>quod</span> <span class='ocrx_word' id='word_1_86' title='bbox 488 1726 642 1791; x_wconf 89' lang='lat' dir='ltr'>sententia</span> <span class='ocrx_word' id='word_1_87' title='bbox 663 1719 744 1803; x_wconf 82' lang='lat' dir='ltr'>eius,</span> <span class='ocrx_word' id='word_1_88' title='bbox 773 1725 827 1808; x_wconf 92' lang='lat' dir='ltr'>qui</span> <span class='ocrx_word' id='word_1_89' title='bbox 850 1725 948 1802; x_wconf 89' lang='lat' dir='ltr'>dicat,</span> <span class='ocrx_word' id='word_1_90' title='bbox 977 1725 1177 1809; x_wconf 76' lang='lat' dir='ltr'>exprimatur.</span> <span class='ocrx_word' id='word_1_91' title='bbox 1221 1725 1269 1790; x_wconf 87' lang='lat' dir='ltr'>De</span> <span class='ocrx_word' id='word_1_92' title='bbox 1292 1722 1332 1798; x_wconf 84' lang='grc' dir='ltr'>ὡς</span> 
     </span>
     <span class='ocr_line' id='line_1_13' title="bbox 260 1827 1331 1913; baseline 0 -21"><span class='ocrx_word' id='word_1_93' title='bbox 260 1827 417 1913; x_wconf 88' lang='lat' dir='ltr'>particula</span> <span class='ocrx_word' id='word_1_94' title='bbox 438 1827 593 1893; x_wconf 89' lang='lat' dir='ltr'>infinitivo</span> <span class='ocrx_word' id='word_1_95' title='bbox 615 1828 722 1893; x_wconf 86' lang='lat' dir='ltr'>addita</span> <span class='ocrx_word' id='word_1_96' title='bbox 744 1827 835 1892; x_wconf 83' lang='lat' dir='ltr'>aliter</span> <span class='ocrx_word' id='word_1_97' title='bbox 857 1828 973 1907; x_wconf 83' lang='lat' dir='ltr'>sentio,</span> <span class='ocrx_word' id='word_1_98' title='bbox 1003 1833 1039 1892; x_wconf 92' lang='lat' dir='ltr'>ut</span> <span class='ocrx_word' id='word_1_99' title='bbox 1060 1828 1143 1892; x_wconf 81' lang='lat' dir='ltr'>infra</span> <span class='ocrx_word' id='word_1_100' title='bbox 1164 1849 1331 1912; x_wconf 84' lang='lat' dir='ltr'>exponam:</span> 
     </span>
     <span class='ocr_line' id='line_1_14' title="bbox 259 1930 1331 2016; baseline 0.001 -21"><span class='ocrx_word' id='word_1_101' title='bbox 259 1930 406 1995; x_wconf 83' lang='lat' dir='ltr'>infinitivi</span> <span class='ocrx_word' id='word_1_102' title='bbox 427 1935 572 1995; x_wconf 86' lang='lat' dir='ltr'>naturam</span> <span class='ocrx_word' id='word_1_103' title='bbox 592 1931 799 1995; x_wconf 87' lang='lat' dir='ltr'>Heilmannus</span> <span class='ocrx_word' id='word_1_104' title='bbox 820 1935 903 1994; x_wconf 88' lang='lat' dir='ltr'>recte</span> <span class='ocrx_word' id='word_1_105' title='bbox 925 1952 1078 2016; x_wconf 77' lang='lat' dir='ltr'>cognosse</span> <span class='ocrx_word' id='word_1_106' title='bbox 1100 1931 1178 1996; x_wconf 86' lang='lat' dir='ltr'>mihi</span> <span class='ocrx_word' id='word_1_107' title='bbox 1199 1932 1331 1997; x_wconf 83' lang='lat' dir='ltr'>videtur.</span> 
     </span>
     <span class='ocr_line' id='line_1_15' title="bbox 260 2031 1332 2115; baseline 0 -17"><span class='ocrx_word' id='word_1_108' title='bbox 260 2033 422 2098; x_wconf 76' lang='lat' dir='ltr'>Invenitur</span> <span class='ocrx_word' id='word_1_109' title='bbox 451 2033 548 2094; x_wconf 75' lang='grc' dir='ltr'><em>δοκεῖν</em></span> <span class='ocrx_word' id='word_1_110' title='bbox 579 2031 678 2112; x_wconf 72' lang='grc' dir='ltr'><em>ἔμοιγε</em></span> <span class='ocrx_word' id='word_1_111' title='bbox 701 2031 776 2111; x_wconf 86' lang='lat' dir='ltr'>VII,</span> <span class='ocrx_word' id='word_1_112' title='bbox 799 2033 839 2097; x_wconf 88' lang='grc'>87</span> <span class='ocrx_word' id='word_1_113' title='bbox 863 2032 916 2115; x_wconf 74' lang='lat'>§5</span> <span class='ocrx_word' id='word_1_114' title='bbox 939 2037 971 2097; x_wconf 86' lang='lat' dir='ltr'>et</span> <span class='ocrx_word' id='word_1_115' title='bbox 993 2033 1090 2094; x_wconf 83' lang='grc' dir='ltr'><em>δοκεῖν</em></span> <span class='ocrx_word' id='word_1_116' title='bbox 1112 2032 1146 2094; x_wconf 77' lang='grc' dir='ltr'>δέ</span> <span class='ocrx_word' id='word_1_117' title='bbox 1171 2057 1225 2114; x_wconf 84' lang='grc' dir='ltr'>μοι</span> <span class='ocrx_word' id='word_1_118' title='bbox 1247 2033 1332 2113; x_wconf 86' lang='lat' dir='ltr'>VIII,</span> 
     </span>
     <span class='ocr_line' id='line_1_16' title="bbox 259 2131 1332 2222; baseline 0 -21"><span class='ocrx_word' id='word_1_119' title='bbox 259 2138 301 2202; x_wconf 82' lang='lat'>64</span> <span class='ocrx_word' id='word_1_120' title='bbox 330 2134 391 2222; x_wconf 77' lang='lat'>§5</span> <span class='ocrx_word' id='word_1_121' title='bbox 422 2131 477 2218; x_wconf 85' lang='grc' dir='ltr'>(ὡς</span> <span class='ocrx_word' id='word_1_122' title='bbox 512 2136 579 2215; x_wconf 76' lang='grc' dir='ltr'>ἐμοὶ</span> <span class='ocrx_word' id='word_1_123' title='bbox 612 2136 710 2197; x_wconf 81' lang='grc' dir='ltr'><em>δοκεῖν</em></span> <span class='ocrx_word' id='word_1_124' title='bbox 747 2135 831 2220; x_wconf 88' lang='lat' dir='ltr'>apud</span> <span class='ocrx_word' id='word_1_125' title='bbox 863 2135 1078 2220; x_wconf 81' lang='lat' dir='ltr'>Thucydidem</span> <span class='ocrx_word' id='word_1_126' title='bbox 1108 2157 1172 2201; x_wconf 90' lang='lat' dir='ltr'>non</span> <span class='ocrx_word' id='word_1_127' title='bbox 1198 2137 1332 2222; x_wconf 79' lang='lat' dir='ltr'>legitur;</span> 
     </span>
     <span class='ocr_line' id='line_1_17' title="bbox 260 2238 1330 2324; baseline 0 -20"><span class='ocrx_word' id='word_1_128' title='bbox 260 2241 344 2324; x_wconf 88' lang='lat' dir='ltr'>apud</span> <span class='ocrx_word' id='word_1_129' title='bbox 360 2238 558 2303; x_wconf 88' lang='lat' dir='ltr'>Herodotum</span> <span class='ocrx_word' id='word_1_130' title='bbox 572 2239 730 2304; x_wconf 84' lang='lat' dir='ltr'>invenitur</span> <span class='ocrx_word' id='word_1_131' title='bbox 751 2239 873 2303; x_wconf 88' lang='lat' dir='ltr'>novies:</span> <span class='ocrx_word' id='word_1_132' title='bbox 897 2239 920 2317; x_wconf 91' lang='grc' dir='ltr'>Ι,</span> <span class='ocrx_word' id='word_1_133' title='bbox 946 2240 1014 2303; x_wconf 89' lang='grc'><strong>131.</strong></span> <span class='ocrx_word' id='word_1_134' title='bbox 1044 2238 1083 2318; x_wconf 86' lang='lat' dir='ltr'>IL</span> <span class='ocrx_word' id='word_1_135' title='bbox 1109 2241 1177 2305; x_wconf 86' lang='lat'>124.</span> <span class='ocrx_word' id='word_1_136' title='bbox 1205 2239 1260 2319; x_wconf 92' lang='lat' dir='ltr'>IV,</span> <span class='ocrx_word' id='word_1_137' title='bbox 1281 2241 1330 2305; x_wconf 82' lang='lat'>87.</span> 
     </span>
     <span class='ocr_line' id='line_1_18' title="bbox 261 2339 1055 2427; baseline -0.001 -19"><span class='ocrx_word' id='word_1_138' title='bbox 261 2345 330 2408; x_wconf 81' lang='lat'>167.</span> <span class='ocrx_word' id='word_1_139' title='bbox 374 2339 412 2419; x_wconf 90' lang='lat' dir='ltr'>V,</span> <span class='ocrx_word' id='word_1_140' title='bbox 434 2341 484 2405; x_wconf 84' lang='lat'>58.</span> <span class='ocrx_word' id='word_1_141' title='bbox 528 2339 582 2419; x_wconf 90' lang='lat' dir='ltr'>VI,</span> <span class='ocrx_word' id='word_1_142' title='bbox 601 2342 651 2406; x_wconf 84' lang='lat'>95.</span> <span class='ocrx_word' id='word_1_143' title='bbox 695 2340 780 2420; x_wconf 83' lang='lat' dir='ltr'>VIJI,</span> <span class='ocrx_word' id='word_1_144' title='bbox 803 2342 852 2405; x_wconf 86' lang='lat'>30.</span> <span class='ocrx_word' id='word_1_145' title='bbox 883 2343 932 2406; x_wconf 87' lang='grc'>66.</span> <span class='ocrx_word' id='word_1_146' title='bbox 964 2342 1055 2427; x_wconf 84' lang='grc'>113.).</span> 
     </span>
    </p>

    <p class='ocr_par' dir='ltr' id='par_1_5' title="bbox 258 2439 1331 3147">
     <span class='ocr_line' id='line_1_19' title="bbox 343 2439 1330 2530; baseline 0.002 -22"><span class='ocrx_word' id='word_1_147' title='bbox 343 2443 466 2508; x_wconf 75' lang='lat' dir='ltr'>Eodem</span> <span class='ocrx_word' id='word_1_148' title='bbox 487 2444 581 2507; x_wconf 91' lang='lat' dir='ltr'>modo</span> <span class='ocrx_word' id='word_1_149' title='bbox 601 2443 739 2508; x_wconf 84' lang='lat' dir='ltr'>formula</span> <span class='ocrx_word' id='word_1_150' title='bbox 760 2439 837 2506; x_wconf 76' lang='grc' dir='ltr'><em>ἑκών</em></span> <span class='ocrx_word' id='word_1_151' title='bbox 858 2439 933 2506; x_wconf 77' lang='grc' dir='ltr'><em>εἶναι</em></span> <span class='ocrx_word' id='word_1_152' title='bbox 957 2449 1004 2510; x_wconf 90' lang='lat' dir='ltr'>est</span> <span class='ocrx_word' id='word_1_153' title='bbox 1027 2445 1223 2530; x_wconf 86' lang='lat' dir='ltr'>explicanda,</span> <span class='ocrx_word' id='word_1_154' title='bbox 1251 2467 1330 2530; x_wconf 90' lang='lat' dir='ltr'>quae</span> 
     </span>
     <span class='ocr_line' id='line_1_20' title="bbox 258 2545 1331 2634; baseline 0.002 -22"><span class='ocrx_word' id='word_1_155' title='bbox 258 2549 444 2632; x_wconf 85' lang='lat' dir='ltr'>plerumque</span> <span class='ocrx_word' id='word_1_156' title='bbox 473 2545 506 2609; x_wconf 93' lang='lat' dir='ltr'>in</span> <span class='ocrx_word' id='word_1_157' title='bbox 536 2546 804 2612; x_wconf 88' lang='lat' dir='ltr'>enuntiationibus</span> <span class='ocrx_word' id='word_1_158' title='bbox 833 2548 990 2634; x_wconf 75' lang='lat' dir='ltr'>negativis</span> <span class='ocrx_word' id='word_1_159' title='bbox 1018 2548 1176 2613; x_wconf 84' lang='lat' dir='ltr'>invenitur</span> <span class='ocrx_word' id='word_1_160' title='bbox 1204 2553 1236 2612; x_wconf 89' lang='lat' dir='ltr'>et</span> <span class='ocrx_word' id='word_1_161' title='bbox 1266 2549 1331 2614; x_wconf 87' lang='lat' dir='ltr'>vim</span> 
     </span>
     <span class='ocr_line' id='line_1_21' title="bbox 258 2646 1331 2736; baseline 0.001 -22"><span class='ocrx_word' id='word_1_162' title='bbox 258 2648 468 2734; x_wconf 84' lang='lat' dir='ltr'>restringendi</span> <span class='ocrx_word' id='word_1_163' title='bbox 496 2649 594 2712; x_wconf 83' lang='lat' dir='ltr'>habet</span> <span class='ocrx_word' id='word_1_164' title='bbox 623 2646 715 2732; x_wconf 84' lang='lat' dir='ltr'>(„ioh</span> <span class='ocrx_word' id='word_1_165' title='bbox 736 2651 840 2716; x_wconf 87' lang='lat' dir='ltr'>werde</span> <span class='ocrx_word' id='word_1_166' title='bbox 863 2655 959 2716; x_wconf 89' lang='lat' dir='ltr'>etwas</span> <span class='ocrx_word' id='word_1_167' title='bbox 981 2651 1068 2716; x_wconf 90' lang='lat' dir='ltr'>nicht</span> <span class='ocrx_word' id='word_1_168' title='bbox 1090 2650 1185 2730; x_wconf 90' lang='lat' dir='ltr'>thun,</span> <span class='ocrx_word' id='word_1_169' title='bbox 1213 2653 1331 2736; x_wconf 84' lang='lat' dir='ltr'>wenig-</span> 
     </span>
     <span class='ocr_line' id='line_1_22' title="bbox 258 2750 1330 2839; baseline 0 -21"><span class='ocrx_word' id='word_1_170' title='bbox 258 2758 343 2818; x_wconf 90' lang='lat' dir='ltr'>stens</span> <span class='ocrx_word' id='word_1_171' title='bbox 377 2750 467 2815; x_wconf 88' lang='lat' dir='ltr'>nicht</span> <span class='ocrx_word' id='word_1_172' title='bbox 503 2751 547 2814; x_wconf 91' lang='lat' dir='ltr'>im</span> <span class='ocrx_word' id='word_1_173' title='bbox 584 2752 714 2816; x_wconf 88' lang='lat' dir='ltr'>Bereich</span> <span class='ocrx_word' id='word_1_174' title='bbox 750 2753 868 2819; x_wconf 87' lang='lat' dir='ltr'>moines</span> <span class='ocrx_word' id='word_1_175' title='bbox 906 2754 1037 2839; x_wconf 85' lang='lat' dir='ltr'>eigenen</span> <span class='ocrx_word' id='word_1_176' title='bbox 1069 2753 1330 2836; x_wconf 80' lang='lat' dir='ltr'>Entschlusses“)</span> 
     </span>
     <span class='ocr_line' id='line_1_23' title="bbox 258 2850 1329 2941; baseline 0 -22"><span class='ocrx_word' id='word_1_177' title='bbox 258 2855 388 2941; x_wconf 77' lang='lat' dir='ltr'>Legitur</span> <span class='ocrx_word' id='word_1_178' title='bbox 408 2851 485 2915; x_wconf 65' lang='lat' dir='ltr'>tuor</span> <span class='ocrx_word' id='word_1_179' title='bbox 511 2850 585 2916; x_wconf 72' lang='grc' dir='ltr'><em>εἶναι</em></span> <span class='ocrx_word' id='word_1_180' title='bbox 607 2855 653 2934; x_wconf 88' lang='lat' dir='ltr'>H,</span> <span class='ocrx_word' id='word_1_181' title='bbox 676 2855 716 2918; x_wconf 85' lang='lat'>89</span> <span class='ocrx_word' id='word_1_182' title='bbox 740 2854 795 2936; x_wconf 74' lang='lat'>§8</span> <span class='ocrx_word' id='word_1_183' title='bbox 819 2861 850 2920; x_wconf 82' lang='lat' dir='ltr'>et</span> <span class='ocrx_word' id='word_1_184' title='bbox 873 2855 933 2937; x_wconf 86' lang='lat' dir='ltr'>Vl,</span> <span class='ocrx_word' id='word_1_185' title='bbox 958 2858 1010 2935; x_wconf 84' lang='lat'>14;</span> <span class='ocrx_word' id='word_1_186' title='bbox 1041 2852 1158 2929; x_wconf 65' lang='grc' dir='ltr'><em>ἑκόντες</em></span> <span class='ocrx_word' id='word_1_187' title='bbox 1179 2850 1253 2917; x_wconf 71' lang='grc' dir='ltr'><em>εἶναι</em></span> <span class='ocrx_word' id='word_1_188' title='bbox 1275 2855 1329 2935; x_wconf 88' lang='lat' dir='ltr'>IV,</span> 
     </span>
     <span class='ocr_line' id='line_1_24' title="bbox 258 2953 1330 3044; baseline 0 -20"><span class='ocrx_word' id='word_1_189' title='bbox 258 2962 299 3024; x_wconf 87' lang='lat'>98</span> <span class='ocrx_word' id='word_1_190' title='bbox 322 2958 394 3042; x_wconf 73' lang='lat'>§93</span> <span class='ocrx_word' id='word_1_191' title='bbox 423 2956 549 3032; x_wconf 73' lang='grc' dir='ltr'><em>ἑκόντας</em></span> <span class='ocrx_word' id='word_1_192' title='bbox 570 2953 645 3020; x_wconf 73' lang='grc' dir='ltr'><em>εἶναι</em></span> <span class='ocrx_word' id='word_1_193' title='bbox 667 2956 744 3037; x_wconf 87' lang='lat' dir='ltr'>VII,</span> <span class='ocrx_word' id='word_1_194' title='bbox 774 2960 813 3022; x_wconf 86' lang='lat'>81</span> <span class='ocrx_word' id='word_1_195' title='bbox 837 2959 892 3041; x_wconf 76' lang='lat'>§3</span> <span class='ocrx_word' id='word_1_196' title='bbox 923 2957 1130 3041; x_wconf 81' lang='lat' dir='ltr'>(accusativus</span> <span class='ocrx_word' id='word_1_197' title='bbox 1153 2965 1330 3044; x_wconf 81' lang='lat' dir='ltr'>usurpatur,</span> 
     </span>
     <span class='ocr_line' id='line_1_25' title="bbox 259 3060 770 3147; baseline -0.012 -19"><span class='ocrx_word' id='word_1_198' title='bbox 259 3063 343 3147; x_wconf 92' lang='lat' dir='ltr'>quod</span> <span class='ocrx_word' id='word_1_199' title='bbox 366 3064 509 3128; x_wconf 88' lang='lat' dir='ltr'>subiecta</span> <span class='ocrx_word' id='word_1_200' title='bbox 530 3065 603 3126; x_wconf 90' lang='lat' dir='ltr'>sunt</span> <span class='ocrx_word' id='word_1_201' title='bbox 626 3060 770 3144; x_wconf 86' lang='lat' dir='ltr'>diversa).</span> 
     </span>
    </p>

    <p class='ocr_par' dir='ltr' id='par_1_6' title="bbox 255 3159 1329 4070">
     <span class='ocr_line' id='line_1_26' title="bbox 344 3159 1327 3245; baseline -0.004 -15"><span class='ocrx_word' id='word_1_202' title='bbox 344 3164 415 3230; x_wconf 88' lang='lat' dir='ltr'>Huc</span> <span class='ocrx_word' id='word_1_203' title='bbox 443 3165 640 3230; x_wconf 87' lang='lat' dir='ltr'>referendum</span> <span class='ocrx_word' id='word_1_204' title='bbox 678 3168 726 3228; x_wconf 86' lang='lat' dir='ltr'>est</span> <span class='ocrx_word' id='word_1_205' title='bbox 762 3161 1001 3241; x_wconf 81' lang='lat' dir='ltr'>etiamVI,12</span> <span class='ocrx_word' id='word_1_206' title='bbox 1032 3161 1223 3245; x_wconf 62' lang='grc' dir='ltr'>ἕΙένθοίδι</span> <span class='ocrx_word' id='word_1_207' title='bbox 1252 3159 1327 3226; x_wconf 71' lang='grc' dir='ltr'><em>εἶναι</em></span> 
     </span>
     <span class='ocr_line' id='line_1_27' title="bbox 257 3265 1329 3352; baseline -0.001 -20"><span class='ocrx_word' id='word_1_208' title='bbox 257 3269 311 3348; x_wconf 92' lang='lat' dir='ltr'>„in</span> <span class='ocrx_word' id='word_1_209' title='bbox 334 3290 479 3332; x_wconf 87' lang='lat' dir='ltr'>unserem</span> <span class='ocrx_word' id='word_1_210' title='bbox 493 3267 733 3352; x_wconf 83' lang='lat' dir='ltr'>Machtgebiet.“</span> <span class='ocrx_word' id='word_1_211' title='bbox 774 3267 821 3331; x_wconf 91' lang='lat' dir='ltr'>De</span> <span class='ocrx_word' id='word_1_212' title='bbox 844 3265 989 3330; x_wconf 90' lang='lat' dir='ltr'>hocloco</span> <span class='ocrx_word' id='word_1_213' title='bbox 1006 3267 1096 3331; x_wconf 90' lang='lat' dir='ltr'>docte</span> <span class='ocrx_word' id='word_1_214' title='bbox 1112 3271 1144 3331; x_wconf 87' lang='lat' dir='ltr'>et</span> <span class='ocrx_word' id='word_1_215' title='bbox 1166 3268 1329 3352; x_wconf 74' lang='lat' dir='ltr'>sagaciter,</span> 
     </span>
     <span class='ocr_line' id='line_1_28' title="bbox 257 3368 1329 3455; baseline -0.003 -19"><span class='ocrx_word' id='word_1_216' title='bbox 257 3376 292 3436; x_wconf 90' lang='lat' dir='ltr'>ut</span> <span class='ocrx_word' id='word_1_217' title='bbox 315 3393 450 3455; x_wconf 75' lang='lat' dir='ltr'>semper,</span> <span class='ocrx_word' id='word_1_218' title='bbox 479 3369 601 3436; x_wconf 88' lang='lat' dir='ltr'>Usener</span> <span class='ocrx_word' id='word_1_219' title='bbox 632 3370 772 3454; x_wconf 84' lang='lat' dir='ltr'>disputat</span> <span class='ocrx_word' id='word_1_220' title='bbox 800 3369 843 3448; x_wconf 84' lang='lat' dir='ltr'>„J</span> <span class='ocrx_word' id='word_1_221' title='bbox 848 3370 875 3433; x_wconf 92' lang='lat' dir='ltr'>b.</span> <span class='ocrx_word' id='word_1_222' title='bbox 906 3369 928 3432; x_wconf 85' lang='lat' dir='ltr'>f.</span> <span class='ocrx_word' id='word_1_223' title='bbox 956 3368 1037 3433; x_wconf 91' lang='lat' dir='ltr'>Phil.</span> <span class='ocrx_word' id='word_1_224' title='bbox 1070 3369 1160 3449; x_wconf 81' lang='lat'>1872,</span> <span class='ocrx_word' id='word_1_225' title='bbox 1189 3394 1218 3454; x_wconf 90' lang='lat' dir='ltr'>p.</span> <span class='ocrx_word' id='word_1_226' title='bbox 1242 3371 1329 3436; x_wconf 84' lang='grc'><strong>744.“</strong></span> 
     </span>
     <span class='ocr_line' id='line_1_29' title="bbox 257 3470 1329 3557; baseline -0.007 -19"><span class='ocrx_word' id='word_1_227' title='bbox 257 3474 353 3538; x_wconf 89' lang='lat' dir='ltr'>Putat</span> <span class='ocrx_word' id='word_1_228' title='bbox 374 3474 423 3538; x_wconf 87' lang='lat' dir='ltr'>vir</span> <span class='ocrx_word' id='word_1_229' title='bbox 446 3473 645 3538; x_wconf 88' lang='lat' dir='ltr'>doctissimus</span> <span class='ocrx_word' id='word_1_230' title='bbox 668 3470 832 3556; x_wconf 86' lang='lat' dir='ltr'>(quoniam</span> <span class='ocrx_word' id='word_1_231' title='bbox 854 3472 914 3534; x_wconf 85' lang='grc' dir='ltr'><em>δεῖν</em></span> <span class='ocrx_word' id='word_1_232' title='bbox 936 3493 1161 3556; x_wconf 82' lang='lat' dir='ltr'>nonnunquam</span> <span class='ocrx_word' id='word_1_233' title='bbox 1182 3495 1240 3557; x_wconf 89' lang='lat' dir='ltr'>pro</span> <span class='ocrx_word' id='word_1_234' title='bbox 1262 3471 1329 3533; x_wconf 73' lang='grc' dir='ltr'><em>δέον</em></span> 
     </span>
     <span class='ocr_line' id='line_1_30' title="bbox 257 3573 1328 3660; baseline -0.003 -18"><span class='ocrx_word' id='word_1_235' title='bbox 257 3577 397 3660; x_wconf 90' lang='lat' dir='ltr'>positum</span> <span class='ocrx_word' id='word_1_236' title='bbox 420 3581 468 3641; x_wconf 87' lang='lat' dir='ltr'>est</span> <span class='ocrx_word' id='word_1_237' title='bbox 488 3581 524 3640; x_wconf 90' lang='lat' dir='ltr'>ut</span> <span class='ocrx_word' id='word_1_238' title='bbox 537 3599 594 3660; x_wconf 89' lang='lat' dir='ltr'>pro</span> <span class='ocrx_word' id='word_1_239' title='bbox 616 3573 707 3636; x_wconf 75' lang='grc' dir='ltr'><em>πλέον</em></span> <span class='ocrx_word' id='word_1_240' title='bbox 722 3573 818 3659; x_wconf 78' lang='grc' dir='ltr'><em>πλεῖν)</em></span> <span class='ocrx_word' id='word_1_241' title='bbox 841 3573 1056 3660; x_wconf 79' lang='lat' dir='ltr'>Thucydidem</span> <span class='ocrx_word' id='word_1_242' title='bbox 1073 3576 1134 3639; x_wconf 91' lang='lat' dir='ltr'>hoo</span> <span class='ocrx_word' id='word_1_243' title='bbox 1148 3575 1218 3640; x_wconf 89' lang='lat' dir='ltr'>loco</span> <span class='ocrx_word' id='word_1_244' title='bbox 1232 3575 1328 3660; x_wconf 91' lang='lat' dir='ltr'>scrip-</span> 
     </span>
     <span class='ocr_line' id='line_1_31' title="bbox 257 3677 1328 3757; baseline -0.001 -14"><span class='ocrx_word' id='word_1_245' title='bbox 257 3679 335 3744; x_wconf 84' lang='lat' dir='ltr'>sisse</span> <span class='ocrx_word' id='word_1_246' title='bbox 366 3677 444 3741; x_wconf 75' lang='grc' dir='ltr'><em>ἕνθα</em></span> <span class='ocrx_word' id='word_1_247' title='bbox 467 3678 536 3740; x_wconf 80' lang='grc' dir='ltr'><em>δεῖν.</em></span> <span class='ocrx_word' id='word_1_248' title='bbox 580 3677 757 3743; x_wconf 84' lang='lat' dir='ltr'>Amoldum</span> <span class='ocrx_word' id='word_1_249' title='bbox 787 3679 868 3743; x_wconf 85' lang='lat' dir='ltr'>enirn</span> <span class='ocrx_word' id='word_1_250' title='bbox 899 3679 966 3743; x_wconf 89' lang='lat' dir='ltr'>iure</span> <span class='ocrx_word' id='word_1_251' title='bbox 989 3679 1201 3757; x_wconf 87' lang='lat' dir='ltr'>contendisse,</span> <span class='ocrx_word' id='word_1_252' title='bbox 1228 3679 1261 3742; x_wconf 95' lang='lat' dir='ltr'>in</span> <span class='ocrx_word' id='word_1_253' title='bbox 1281 3679 1328 3742; x_wconf 91' lang='lat' dir='ltr'>in·</span> 
     </span>
     <span class='ocr_line' id='line_1_32' title="bbox 257 3781 1329 3866; baseline 0 -22"><span class='ocrx_word' id='word_1_254' title='bbox 257 3781 378 3845; x_wconf 85' lang='lat' dir='ltr'>finitivo</span> <span class='ocrx_word' id='word_1_255' title='bbox 412 3782 557 3846; x_wconf 87' lang='lat' dir='ltr'>absoluto</span> <span class='ocrx_word' id='word_1_256' title='bbox 591 3782 757 3846; x_wconf 85' lang='lat' dir='ltr'>articulum</span> <span class='ocrx_word' id='word_1_257' title='bbox 788 3803 854 3846; x_wconf 91' lang='lat' dir='ltr'>esse</span> <span class='ocrx_word' id='word_1_258' title='bbox 886 3782 1143 3866; x_wconf 84' lang='lat' dir='ltr'>exspectandum,</span> <span class='ocrx_word' id='word_1_259' title='bbox 1176 3785 1207 3845; x_wconf 90' lang='lat' dir='ltr'>et</span> <span class='ocrx_word' id='word_1_260' title='bbox 1232 3781 1329 3845; x_wconf 85' lang='lat' dir='ltr'>talem</span> 
     </span>
     <span class='ocr_line' id='line_1_33' title="bbox 256 3883 1328 3969; baseline -0.001 -21"><span class='ocrx_word' id='word_1_261' title='bbox 256 3884 484 3950; x_wconf 86' lang='lat' dir='ltr'>restrictionem</span> <span class='ocrx_word' id='word_1_262' title='bbox 513 3889 690 3969; x_wconf 84' lang='lat' dir='ltr'>„quantum</span> <span class='ocrx_word' id='word_1_263' title='bbox 716 3884 843 3968; x_wconf 89' lang='lat' dir='ltr'>quidem</span> <span class='ocrx_word' id='word_1_264' title='bbox 873 3885 913 3950; x_wconf 88' lang='lat' dir='ltr'>ad</span> <span class='ocrx_word' id='word_1_265' title='bbox 943 3885 1026 3950; x_wconf 91' lang='lat' dir='ltr'>hunc</span> <span class='ocrx_word' id='word_1_266' title='bbox 1047 3885 1151 3950; x_wconf 91' lang='lat' dir='ltr'>locum</span> <span class='ocrx_word' id='word_1_267' title='bbox 1172 3883 1328 3962; x_wconf 78' lang='lat' dir='ltr'>pertiner‘</span> 
     </span>
     <span class='ocr_line' id='line_1_34' title="bbox 255 3987 848 4070; baseline 0.002 -19"><span class='ocrx_word' id='word_1_268' title='bbox 255 3988 289 4051; x_wconf 94' lang='lat' dir='ltr'>in</span> <span class='ocrx_word' id='word_1_269' title='bbox 309 3991 454 4051; x_wconf 88' lang='lat' dir='ltr'>nostrum</span> <span class='ocrx_word' id='word_1_270' title='bbox 475 3987 580 4051; x_wconf 89' lang='lat' dir='ltr'>locum</span> <span class='ocrx_word' id='word_1_271' title='bbox 600 4009 665 4050; x_wconf 90' lang='lat' dir='ltr'>non</span> <span class='ocrx_word' id='word_1_272' title='bbox 687 3988 848 4070; x_wconf 86' lang='lat' dir='ltr'>quadrare.</span> 
     </span>
    </p>
   </div>
   <div class='ocr_carea' id='block_1_5' title="bbox 344 4257 1327 4332">
    <p class='ocr_par' dir='ltr' id='par_1_7' title="bbox 344 4257 1327 4332">
     <span class='ocr_line' id='line_1_35' title="bbox 344 4257 1327 4332; baseline 0.003 -23"><span class='ocrx_word' id='word_1_273' title='bbox 344 4260 369 4332; x_wconf 85' lang='lat'>1)</span> <span class='ocrx_word' id='word_1_274' title='bbox 387 4257 588 4312; x_wconf 83' lang='lat' dir='ltr'>Dolbrneck:</span> <span class='ocrx_word' id='word_1_275' title='bbox 608 4259 640 4312; x_wconf 88' lang='lat' dir='ltr'>de</span> <span class='ocrx_word' id='word_1_276' title='bbox 658 4257 788 4312; x_wconf 81' lang='lat' dir='ltr'>infinitivo</span> <span class='ocrx_word' id='word_1_277' title='bbox 806 4273 910 4327; x_wconf 81' lang='lat' dir='ltr'>graeco,</span> <span class='ocrx_word' id='word_1_278' title='bbox 928 4259 998 4313; x_wconf 86' lang='lat' dir='ltr'>Diss.</span> <span class='ocrx_word' id='word_1_279' title='bbox 1014 4258 1140 4313; x_wconf 79' lang='lat' dir='ltr'>Halensis</span> <span class='ocrx_word' id='word_1_280' title='bbox 1157 4257 1230 4329; x_wconf 84' lang='lat'>1863,</span> <span class='ocrx_word' id='word_1_281' title='bbox 1250 4275 1276 4326; x_wconf 87' lang='lat' dir='ltr'>p.</span> <span class='ocrx_word' id='word_1_282' title='bbox 1287 4257 1327 4312; x_wconf 88' lang='lat'>24.</span> 
     </span>
    </p>
   </div>
   <div class='ocr_carea' id='block_1_6' title="bbox 0 0 1558 5006">
    <p class='ocr_par' dir='ltr' id='par_1_8' title="bbox 0 0 1558 5006">
     <span class='ocr_line' id='line_1_36' title="bbox 0 0 1558 5006; baseline 0 1"><span class='ocrx_word' id='word_1_283' title='bbox 0 0 1558 5006; x_wconf 95' lang='lat' dir='ltr'> </span> 
     </span>
    </p>
   </div>
  </div>
 </body>
</html>
