3108 5006
800 376 841 439 42

352 560 434 644 524.
468 562 643 628 Verbum
666 585 814 649 regens
837 567 897 628 cst
919 587 1035 629 casus
1058 560 1286 648 participii.

367 698 556 784 Priusquam
593 701 633 764 ad
668 701 746 765 ahos
773 723 862 765 casus
894 725 965 766 oum
987 701 1142 766 infinitivo
1172 698 1356 764 coniunctos

282 805 455 878 transeam,
487 801 580 867 liceat
610 802 689 867 mihi
721 803 760 867 de
789 803 833 868 eis
861 805 1029 870 enuntiatis
1055 827 1155 888 pauca
1189 801 1357 886 disputare,

283 903 338 967 ubi
371 926 481 968 acasn
501 905 660 989 participii
681 905 853 971 infinitivus
879 930 950 972 cum
971 907 1151 991 praedicato
1174 905 1358 970 coniunctus

282 1007 404 1090 pendet.
450 1008 546 1090 Apud
561 1007 759 1072 Herodotum
774 1031 864 1074 casus
879 1009 1051 1093 praedicati
1072 1031 1177 1073 ossum
1200 1007 1358 1092 participii

282 1109 421 1194 regentis
445 1109 595 1193 sequitur,
618 1134 680 1175 uno
697 1117 826 1196 excepto
843 1113 995 1196 exemplo,
1016 1112 1072 1175 ubi
1089 1115 1162 1195 post
1177 1109 1358 1194 genetivum

283 1213 520 1296 praecedentem
548 1214 763 1296 praedicatum
790 1215 984 1280 nominativo
1007 1215 1122 1278 utitur:
1158 1211 1358 1296 Thucydides

284 1315 404 1380 maiore
443 1337 513 1380 cum
548 1316 674 1380 licentia
706 1317 738 1380 in
775 1317 867 1381 huius
899 1340 988 1382 casus
1025 1316 1253 1382 constructione
1288 1339 1358 1380 ver-

286 1423 372 1482 satus
395 1423 449 1482 est.

367 1520 570 1604 Partioipium
594 1541 706 1608 regens
729 1523 905 1587 accusativo
927 1524 1041 1588 utitur:
1070 1523 1129 1598 1,9
1153 1521 1203 1604 §2
1225 1519 1357 1582 δυνατὸν

283 1624 432 1685 δοκοῦντα
461 1617 546 1684 εἶναι.
589 1623 613 1702 Ι,
645 1625 704 1688 138
742 1623 804 1709 §4
834 1623 985 1688 ἀδύνατον
1017 1627 1186 1706 νομίσαντα
1213 1617 1288 1686 εἶναι
1315 1621 1356 1702 ΙΙ,

285 1728 345 1790 102
375 1727 393 1806 §
417 1727 433 1790 1
467 1723 579 1808 ἄνδρας
610 1723 646 1787 ού
675 1727 839 1801 δοκοῦντας
859 1729 1004 1807 βεβαίους
1026 1723 1110 1790 εἶναι.
1145 1727 1200 1806 ΠΙ,
1231 1728 1271 1791 40
1302 1728 1356 1810 §3

283 1827 358 1912 πρὸς
394 1827 465 1901 τούς
502 1825 668 1907 μέλλοντας
704 1829 890 1910 ἐπιτηδείους
921 1833 969 1892 καί
1007 1831 1043 1894 τὸ
1076 1829 1183 1892 λοιπὸν
1218 1827 1355 1892 ἔσεσθαι.

283 1932 404 1996 Deinde
433 1929 647 2010 HL8154.
685 1931 739 2009 IV,
759 1934 799 1996 23
823 1937 885 2013 §L
924 1933 978 2012 IV,
1002 1937 1040 1999 81
1064 1938 1083 2014 §
1107 1941 1131 1998 1.
1169 1933 1208 2012 V,
1230 1935 1271 1998 84
1294 1935 1356 2012 §L

283 2034 338 2113 VI,
360 2036 400 2100 33
426 2036 488 2114 §L
519 2035 574 2114 Vl,
598 2037 638 2099 53
661 2036 723 2114 §2
752 2033 823 2112 VII,
846 2037 885 2099 21
909 2038 973 2116 §3.
1007 2036 1094 2115 VIII,
1116 2039 1156 2101 68
1181 2037 1241 2118 §4
1270 2035 1357 2114 VIH,

284 2139 325 2202 90
348 2141 367 2218 §
390 2140 415 2202 1.
460 2137 583 2203 Dubius
606 2143 653 2202 est
679 2139 767 2202 locus
796 2137 835 2216 V,
858 2139 898 2202 65
929 2141 999 2220 §2
1041 2139 1077 2204 In
1100 2141 1259 2205 codicibus
1280 2140 1358 2203 haec

282 2241 446 2327 leguntur:
483 2243 584 2321 ὃηλιύν
608 2246 663 2321 τῆς
691 2241 721 2312 ἐξ
738 2239 865 2324 ’Ἀρηους
893 2243 1030 2302 ἐπαιτίου
1053 2239 1272 2325 ἀναχωρήσεως
1301 2241 1358 2322 τὴν

284 2347 443 2426 παροῦσαν
478 2342 604 2426 ἄκαιρον
637 2345 816 2426 προθυμίαν
853 2343 1008 2425 ἀνάληψιν
1043 2345 1233 2426 βουλομένην
1264 2340 1358 2408 εἶναί·

286 2469 366 2531 quae
388 2447 543 2531 scriptum
566 2447 682 2511 sivero
697 2453 752 2525 est,
775 2448 862 2512 locus
878 2449 939 2513 huc
954 2449 1097 2532 pertinet.
1142 2448 1203 2514 Sed
1218 2448 1359 2514 Stahlius

284 2554 315 2614 et
339 2571 409 2613 cum
432 2572 469 2614 eo
493 2549 689 2632 Olasscnus1)
718 2553 870 2632 negantes
892 2548 1063 2628 βούλεσθαι
1079 2552 1143 2616 vim
1162 2550 1360 2637 significandi

284 2653 400 2717 habere
428 2675 521 2737 posse
549 2649 737 2731 βουλόμενον
759 2675 817 2736 pro
839 2652 1029 2734 βουλομένην
1051 2655 1199 2719 scribunt.
1243 2653 1358 2719 Nescio

285 2759 389 2820 tamen
420 2779 459 2820 an
481 2753 670 2835 βουλομένην
690 2756 791 2838 possit
813 2757 952 2822 defendi:
987 2758 1094 2822 confer
1123 2757 1203 2822 Plat.
1226 2755 1360 2820 Thenet:

284 2882 313 2943 p.
344 2861 403 2923 156
446 2859 474 2920 τί
511 2855 654 2936 βούλεται
698 2847 787 2931 οὗτος
823 2857 839 2920 ὁ
875 2864 993 2939 μῦθος,
1039 2865 1085 2939 et,
1127 2883 1219 2944 quem
1255 2859 1360 2924 locum

286 2960 426 3025 Stchh'us
449 2961 516 3045 ipse
540 2961 638 3039 affert,
661 2961 741 3026 Plat.
764 2962 877 3046 Oratyl.
900 2986 929 3046 p.
946 2964 1038 3027 4142
1059 2961 1133 3044 γυνὴ
1157 2961 1188 3022 de*
1209 2959 1284 3042 γονή
1305 2985 1359 3039 μοι

286 3063 425 3146 φαίνεται
447 3060 619 3140 βούλεσθαι
643 3059 756 3147 sivum)

376 3165 473 3230 Casus
497 3167 655 3250 participii
677 3167 815 3252 regentis
839 3172 885 3231 cst
907 3168 1043 3232 dativus:
1085 3167 1155 3246 VII,
1178 3168 1218 3231 36
1246 3168 1363 3248 ξὸτῇ

287 3291 318 3328 τε
341 3264 488 3350 πρότερον
518 3267 643 3355 ἀμαθία
665 3274 726 3330 τοῖν
754 3274 947 3352 κυβερνητῶν
976 3267 1107 3353 ύοκούση
1132 3264 1217 3330 εἶναι.
1260 3269 1361 3334 Pulti-

287 3370 404 3455 cipium
426 3393 539 3457 regens
565 3373 712 3458 genetivo
735 3373 900 3438 exhibetur
925 3373 949 3450 Ι,
971 3375 1011 3437 22
1035 3375 1087 3456 §4
1109 3377 1171 3434 τοῖν
1191 3370 1363 3451 μελλόντων

287 3471 362 3534 ποτί
383 3463 480 3548 αὖθις
505 3473 652 3536 τοιούτοιν
673 3477 722 3536 καὶ
747 3477 968 3558 παραπλησίων
982 3474 1107 3537 ἕπεσθαι
1123 3476 1146 3554 Ι,
1159 3477 1196 3539 71
1214 3477 1266 3556 §6
1287 3479 1363 3552 βου-

287 3574 422 3655 λομίνιον
452 3576 483 3638 di
515 3575 603 3657 ύμοῖν
634 3575 807 3660 προθύμων
839 3573 924 3639 εἶναι.
961 3579 1016 3657 VI,
1045 3581 1086 3642 88
1116 3579 1177 3661 §ss
1209 3575 1291 3638 ἔστιν
1321 3565 1364 3637 ὧν

380 3833 405 3900 1)
424 3831 579 3902 Sequunttn·
607 3834 792 3887 auotontatem
822 3832 975 3900 Plutarchi,
1003 3833 1049 3901 qui
1077 3833 1174 3886 moral:
1209 3834 1280 3888 7970
1307 3833 1365 3900 ipsa

290 3918 455 3987 Thucydidis
474 3919 557 3972 verba
575 3919 689 3972 afferens
707 3918 800 3972 sciibit
816 3915 993 3985 βουλόμενον.

375 4005 401 4073 2)
421 4004 496 4069 Quae
507 4021 523 4058 a
534 4003 659 4058 Classeno
676 4007 812 4072 praeterea
827 4004 986 4058 adnotantur
1003 4004 1054 4070 „da
1068 4001 1156 4070 δηλῶν
1166 4003 1364 4074 dieErkltrung

289 4091 336 4143 des
355 4086 504 4141 διανοεῖται
522 4090 605 4159 geben
621 4089 680 4157 soll,
699 4107 728 4143 so
742 4090 808 4159 liegt
821 4089 892 4142 diese
908 4090 976 4143 doch
992 4107 1043 4142 nur
1059 4091 1085 4143 in
1102 4092 1163 4144 dem
1179 4090 1365 4160 persdnlichen

287 4174 484 4243 fitovto'uevoffl²
503 4192 556 4229 non
576 4178 665 4244 magni
683 4175 811 4229 momenti
829 4191 888 4228 esse
901 4177 978 4243 puto:
997 4191 1058 4228 nam
1074 4177 1107 4230 ad
1120 4176 1213 4245 Agidis
1224 4176 1364 4230 consitium

287 4262 370 4316 verbe
388 4263 517 4330 spectant,
537 4261 619 4314 etiam
638 4261 661 4314 si
678 4258 849 4328 βουλομένην
866 4260 988 4330 legimus.
