3108 5006
705 414 746 479 47

186 583 1265 672 VI‚12§1.V1‚13§1.VI‚55§4.VI‚67§1.VII‚20

187 689 250 772 §Z
279 684 495 773 VH,57§9.
531 687 601 767 VII,
625 687 751 774 73§3.
781 688 851 767 VII,
875 687 999 774 75§3.
1029 689 1264 776 VIIL39§2.

186 792 274 872 VIII,
296 792 422 874 46§l.
453 790 683 876 VIIL4854.
717 790 801 870 VIII,
824 789 950 877 50§5.
979 792 1064 872 VIII,
1087 790 1211 878 69§2.

273 894 417 979 Quinque
449 899 573 959 exstant
606 895 763 979 exempla,
803 915 883 978 quae
918 896 1040 960 duobus
1076 896 1264 979 praedicatis

190 998 338 1082 praedita
360 998 494 1062 alterum
516 998 630 1076 dativo,
652 999 785 1063 altemm
807 997 983 1061 accusativo
999 999 1155 1063 exhibent.
1189 999 1212 1078 Ι,
1224 1001 1263 1063 31

185 1100 247 1182 §2
279 1097 376 1172 ἔδοξεν
408 1097 513 1172 αὐτοῖς
543 1097 688 1161 ἐλθοῦσιν
715 1097 755 1173 ὡς
776 1098 848 1172 τοὺς
875 1098 1061 1179 Ἀθηναίους
1090 1100 1266 1182 ’ξυμμάχους

184 1201 341 1283 γενέσθαι.
376 1202 415 1280 Π,
437 1204 479 1267 39
507 1205 561 1283 §2
592 1204 795 1285 περιγίγνεται
828 1201 902 1284 ἡμῖν
927 1202 972 1283 μὴ
1002 1202 1186 1286 προκάμνειν
1215 1206 1264 1266 καὶ

184 1307 217 1378 ἐς
246 1303 326 1367 αιίτολ
354 1305 483 1367 λλθοιῖσι
510 1304 555 1386 μή
584 1302 810 1388 ἀτολμοτέροος
840 1307 1018 1388 φαίνεσθαι.
1065 1306 1119 1384 ΠΙ,
1142 1308 1183 1372 84
1211 1307 1265 1390 §3

186 1406 304 1469 ἅπασιν
335 1407 417 1480 ἐλπὶς
448 1405 603 1490 πρόκειται
640 1413 782 1492 σφαλεῖσι
816 1406 873 1470 κολν
904 1405 1015 1482 αὐτοὺς
1048 1406 1264 1484 διασώζεσθαι.

184 1509 234 1575 IV
235 1559 243 1589 ,
267 1511 307 1574 73
330 1510 384 1592 §4
406 1510 451 1592 μὴ
481 1509 648 1572 ἀντίπαλον
678 1513 765 1595 σφίσι
795 1506 870 1573 εἶναι
900 1511 954 1574 τὸν
975 1512 1129 1591 κίνδυνον,
1158 1510 1264 1596 ολρξασι

183 1611 289 1694 μάχης
318 1660 326 1674 .
351 1659 358 1673 .
383 1660 391 1674 .
425 1610 446 1694 ἢ
474 1617 578 1691 λαβεῖν
607 1611 792 1694 νικήσαντας
820 1611 841 1694 ἢ
871 1614 1042 1698 σφαλέντος
1070 1619 1264 1698 βλαφθήναι.

184 1715 227 1794 V,
252 1718 310 1781 111
344 1717 398 1799 §3
421 1721 544 1789 πολλοῖς
572 1715 661 1799 γὰρ.
685 1764 692 1777 .
716 1764 723 1777 .
746 1763 753 1776 .
777 1715 991 1795 ἐπεσπάσατο,
1022 1715 1186 1799 ἡσσηθεῖσι
1211 1724 1266 1782 τοῦ

184 1817 326 1901 ῥήματος
338 1817 412 1903 ἔργῳ
424 1821 594 1903 ξυμφοραῖς
606 1817 783 1900 ἀνηκέστοις
793 1816 919 1894 ἑκόντας
932 1827 1108 1904 περιπεσεῖν.
1132 1821 1266 1886 Dativus

185 1925 227 1987 ad
249 1946 355 2002 unum,
378 1924 573 1988 accusativus
592 1923 632 1987 ad
655 1923 788 1987 alterum
810 1923 1001 1989 infinitivum
1030 1924 1150 1990 accedit
1170 1925 1209 2004 V,
1226 1925 1263 1990 71

185 2025 206 2108 ἕ
229 2027 264 2091 3:
303 2022 577 2108 παρήγγελλεν.
602 2022 837 2086 ,Ἱππονοιίλα
870 2028 920 2088 καλ
948 2024 1173 2111 Ἀριστοκλεῖ
1164 2050 1263 2107 εχοοσι

187 2133 355 2212 παρελθεῖν
376 2130 426 2190 κοιλ
449 2073 637 2207 ἐσβαλόντας
658 2130 829 2210 πληρῶσαι.

271 2231 377 2296 Unum
398 2233 575 2316 exemplum
588 2237 636 2296 est
648 2232 787 2316 dignum
803 2233 888 2315 quod
899 2233 1087 2357 singillatim
1098 2171 1265 2299 aderamus

186 2334 263 2414 1,62
287 2336 358 2414 §32
389 2325 427 2416 ἦν
450 2332 520 2396 ιλει
505 2362 524 2416 η
548 2332 654 2416 γνιῖμν
678 2338 733 2396 τοῦ
750 2331 921 2417 Ἀριστέοῃς
945 2359 980 2397 το
993 2360 1050 2416 μιν
1064 2333 1167 2416 μεθ
1155 2341 1267 2399 εαυτοῦ

186 2435 434 2522 στρατόπεδον
425 2446 520 2518 ε’χοντι
550 2439 581 2500 ἐν
602 2462 645 2521 τρι
668 2439 811 2522 λσθμιμ
798 2446 950 2522 επιτηρεῖν
972 2462 1043 2512 τους
1069 2437 1264 2520 Ἀθηναίους,

188 2538 227 2623 ήν
260 2542 381 2617 tntum,
411 2542 466 2625 qui
487 2543 574 2606 locus
603 2547 651 2606 est
673 2543 830 2606 notandus
852 2547 982 2627 propter
1003 2543 1182 2622 transitum,
1211 2544 1265 2627 qui

186 2645 223 2708 fit
238 2667 254 2708 e
270 2644 418 2728 genetivo
435 2645 476 2708 ad
491 2645 639 2710 dativum.
675 2645 766 2722 Quod
781 2646 900 2710 factum
915 2645 1038 2710 videtur
1053 2668 1120 2710 esse
1137 2651 1266 2729 propter

186 2747 433 2825 similitudinem,
457 2770 538 2831 quae
561 2749 726 2812 intercedit
745 2749 828 2812 inter
842 2753 1032 2812 structuram
1047 2739 1085 2829 ἦν
1105 2746 1212 2829 γνολμη
1235 2754 1266 2813 et

187 2851 319 2915 verbum
342 2852 374 2914 in
397 2851 454 2915 tali
477 2873 597 2916 conexu
620 2851 859 2916 usitatissimum
883 2848 999 2933 {sorau

387 3123 672 3206 accusativus
706 3145 808 3206 cum
834 3124 1070 3210 infinitivo.

272 3277 447 3344 Discrimen
471 3284 519 3344 est
533 3279 712 3344 faciendum
726 3279 808 3343 iuter
823 3302 860 3343 ea
875 3279 1044 3356 enuntiata,
1067 3277 1122 3342 ubi
1138 3301 1156 3341 a
1171 3279 1264 3341 verbe

188 3381 277 3444 finito
309 3386 341 3445 et
370 3383 564 3446 accusativus
596 3383 711 3447 obiecti
740 3387 771 3446 et
792 3382 964 3446 infinitivus
986 3381 1136 3464 pendent,
1165 3383 1197 3443 et
1219 3401 1263 3458 ea,

187 3485 243 3548 ubi
279 3485 474 3549 accusativus
506 3486 589 3568 apud
628 3485 816 3550 infinitivum
847 3484 980 3550 subiecti
1008 3484 1074 3547 vice
1110 3483 1263 3568 fungitur.

187 3587 235 3651 De
264 3587 369 3672 priore
406 3588 596 3667 accusativo,
628 3611 721 3672 quem
750 3611 857 3652 verum
886 3586 1097 3650 accusativum
1125 3608 1196 3650 cum
1217 3587 1264 3650 in·

187 3690 308 3754 finitive
337 3690 500 3755 nominare
526 3691 634 3768 veliin,
664 3692 719 3754 vix
749 3713 829 3774 opus
858 3695 906 3754 est
934 3689 1107 3774 quidquam
1136 3689 1264 3754 addere:

188 3793 226 3858 de
256 3793 370 3870 altem,
400 3815 493 3876 quem
523 3815 561 3858 ex
592 3794 740 3879 analogia
767 3798 871 3858 ortum
902 3813 969 3856 esse
998 3793 1161 3856 nominare
1185 3793 1264 3856 mihi

187 3895 289 3974 liceat,
312 3895 455 3960 homines
470 3895 554 3960 docti
574 3895 769 3960 dissentiunt.
814 3895 993 3960 Sententiae
1008 3895 1084 3959 satis
1099 3917 1263 3980 perversae

187 3999 345 4083 prioribus
368 3997 564 4082 temporibus
587 4003 660 4062 sunt
682 3999 832 4084 prolatae,
855 4021 932 4083 quas
955 4020 1016 4062 non
1041 3998 1263 4083 grammaticis,

275 4230 300 4298 1)
318 4230 420 4284 Locum
440 4230 586 4300 attigerunt
602 4229 813 4299 Madvigius:
839 4231 948 4284 advers:
974 4231 993 4296 1,
1007 4230 1056 4283 307
1075 4229 1103 4281 et
1116 4225 1261 4280 Reiffer-

188 4316 381 4370 scheidius:
408 4315 483 4385 Prgr.
503 4315 612 4370 Vratisl.
632 4315 707 4379 1876,
727 4333 752 4383 p.
765 4317 789 4370 5.
