3114 5002
738 432 795 494 101

232 611 301 685 γεΐν.
332 603 372 682 Π,
396 606 435 668 32
458 604 519 686 §i
550 602 589 679 ΙΙ,
614 601 652 666 75
675 599 737 681 §i
773 600 813 679 Π,
837 601 875 666 75
899 600 962 683 §e
993 599 1031 679 Π,
1054 601 1095 664 93
1118 599 1177 686 §4
1206 601 1245 680 V,
1261 604 1302 667 27

232 708 297 790 §2
342 706 381 784 7,
405 707 445 770 72
467 704 522 791 §4
544 703 676 788 ἔτρεψαν
699 751 706 764 .
730 750 736 763 .
761 751 768 764 .
797 701 891 776 εὐθὺς
911 701 1052 776 ἐνδόντας
1073 705 1123 764 καλ
1148 701 1230 765 ἔστιν
1252 703 1303 777 οὓς

232 809 281 870 καὶ
302 807 583 888 καταπατηθέντας
613 811 669 869 τοῦ
689 806 734 888 μὴ
757 811 878 890 φθῆναι
902 806 958 888 τὴν
979 806 1197 888 ἔγκατάληψιν,
1219 808 1305 891 quod

233 911 406 989 Classennn,
427 911 608 984 Boehmiuo‚
632 911 822 996 Kruegerua
842 910 1058 988 Heilmannua
1078 910 1190 994 Poppo
1206 910 1303 994 expli·

232 1019 316 1078 cant:
332 1014 549 1097 „subpedibus
558 1015 714 1078 sociorum
725 1015 912 1091 deciderunt,
924 1013 1108 1078 nehostium
1118 1013 1304 1097 praehensio

233 1141 265 1182 se
298 1116 519 1201 praeveniret.“
576 1115 723 1181 Goetziue
733 1116 756 1198 ¹)
788 1122 916 1202 propter
938 1117 1198 1202 significationem
1216 1115 1304 1180 verbi

231 1226 434 1295 καταπατεῖν,
467 1242 547 1302 quae
579 1225 626 1284 est
653 1225 826 1304 proterere,
858 1242 929 1284 oum
951 1220 1092 1284 Arnoldo
1122 1219 1232 1283 scribit
1259 1223 1305 1302 τῷ

231 1320 276 1401 μά
302 1325 441 1405 φθῆναι,
471 1322 516 1386 iba
546 1328 581 1386 ut
609 1320 819 1402 ἓγκατάληψιν
848 1323 1004 1387 obiectum
1030 1324 1087 1387 fiat
1109 1323 1149 1386 ad
1172 1325 1303 1405 φθῆναι,

233 1424 323 1508 quasi
344 1423 413 1487 fieri
435 1445 497 1487 non
518 1425 626 1508 possit,
655 1430 691 1489 nt
712 1426 827 1490 milites
849 1426 962 1490 timore
984 1425 1123 1490 bostium
1145 1424 1304 1508 perterriti

233 1531 264 1591 et
285 1530 389 1591 mente
411 1527 495 1609 eapti
517 1527 549 1590 in
570 1529 729 1594 eeleritate
742 1529 837 1614 fugae
859 1554 877 1593 a
898 1529 962 1593 suis
985 1528 1076 1592 sociis
1095 1532 1304 1612 proterantur.

316 1629 383 1694 Iam
406 1630 564 1695 afferenda
586 1637 659 1696 sunt
681 1633 832 1716 exempla,
854 1653 934 1715 quae
949 1632 1102 1716 praebent
1115 1631 1304 1695 infinitivum

236 1731 466 1796 affirmativum.
509 1732 533 1811 1,
554 1734 575 1796 4
596 1732 647 1818 §l
670 1733 799 1817 καθῄρει
822 1734 853 1794 ἐκ
875 1739 930 1814 τῆς
953 1731 1129 1813 θαλάσσης,
1160 1731 1204 1816 ἐφ’
1232 1729 1304 1794 ’ὅσον

237 1832 372 1910 ἐδύνατο,
394 1838 451 1895 τοῦ
471 1833 527 1908 τὰς
549 1834 713 1918 πραςόιλους
729 1841 847 1916 μᾶλλον
869 1835 943 1897 ἶίναι
967 1834 1058 1920 αὐτῷ.
1081 1835 1166 1914 7111,
1189 1837 1230 1901 39
1253 1833 1304 1920 §4

235 1935 375 2018 ἀγγελίαν
396 1935 530 2016 ἔπεμπον
558 1939 604 2000 ἐπὶ
629 1939 684 2013 τὰς
705 1941 736 2000 ἓν
758 1945 798 2022 τῇ
819 1936 954 2022 Μιλήτῳ
978 1944 1050 2012 ναῦς
1071 1939 1304 2021 ξυμπαρακομι-

237 2045 363 2122 σθῆναι.
415 2041 559 2107 Ceterum
589 2042 761 2108 Vaticanus
791 2043 851 2107 boo
880 2044 950 2108 looo
980 2042 1107 2107 exhibet
1129 2039 1221 2124 χάριν
1249 2044 1306 2101 τοῦ

236 2146 581 2227 ξυμπαρακομισθῆναι.
620 2144 681 2210 Sed
692 2146 770 2211 haec
782 2147 935 2230 scriptura
947 2144 1174 2209 dubitationem
1192 2147 1307 2221 movet,

236 2248 322 2332 quod
340 2244 432 2328 χάριν
455 2271 513 2332 pro
536 2246 620 2308 ἕνεκα
643 2272 704 2314 uno
727 2254 849 2314 tantum
864 2249 934 2313 Ioco
955 2246 993 2326 V,
1010 2249 1049 2312 70
1071 2247 1119 2330 §1
1142 2247 1307 2324 invenitur,

235 2351 306 2429 ubi,
349 2354 386 2414 ut
433 2351 617 2434 plerumque
658 2351 776 2417 nomini
819 2357 866 2416 est
907 2350 1206 2435 postpositum:
1251 2353 1306 2411 τοῦ

234 2454 323 2515 θείου
340 2451 441 2535 χάριν.
1352 2447 1357 2459 ’

233 2672 485 2755 Infinitivus
512 2693 611 2755 ounr
638 2675 829 2757 artioulo
858 2675 1119 2758 eoniunotus
1141 2673 1304 2756 obieoti

594 2794 690 2875 vioe
724 2794 938 2891 fungitur.

277 2981 362 3065 575.
393 2981 645 3046 Infinitivus
668 2984 781 3047 solue
804 3005 886 3047 eum
911 2982 1090 3047 articulo
1113 2983 1264 3067 pendet

678 3086 859 3150 averbis.

246 3262 247 3266 ,
320 3204 460 3268 Primum
470 3205 567 3269 verba
578 3206 750 3284 transitiva,
763 3229 842 3289 quae
855 3198 1011 3270 obieotuin
1023 3205 1169 3269 infinitivi
1179 3204 1306 3283 habent,

239 3308 420 3372 afferamus:
464 3307 488 3387 1,
513 3309 552 3372 70
584 3309 644 3391 §8
672 3306 749 3390 μήτε
779 3304 889 3392 ἑορτὴν
910 3306 984 3370 άλλο
1007 3333 1036 3369 τι
1064 3304 1207 3388 ἡγεῖσθαι
1231 3303 1250 3387 ἢ
1271 3305 1307 3368 τὸ

238 3409 278 3470 τὰ
301 3408 408 3471 (λέοντα
430 3411 549 3493 πρᾶξαι.
599 3411 654 3490 ΙΠ,
675 3413 716 3476 40
738 3410 792 3497 §3
822 3412 857 3474 τὸ
880 3417 993 3473 παθεῖν
1020 3399 1052 3472 εὖ
1074 3407 1306 3487 ἀντιλήψονται.

238 3512 296 3591 ΙΙΙ,
318 3515 358 3577 82
383 3512 445 3595 88.
468 3513 522 3592 ΠΙ,
546 3515 586 3576 84
609 3515 671 3596 §Z
704 3514 836 3592 IV,126
859 3513 921 3601 §b
950 3513 1069 3592 71,14.
1106 3513 1162 3591 71,
1187 3514 1225 3575 18
1248 3512 1307 3595 §fu

241 3614 296 3694 71,
320 3617 358 3680 61
384 3616 442 3698 §o
473 3615 560 3694 7111,
582 3618 622 3680 92
644 3615 724 3702 §li
768 3619 840 3683 Duo
863 3618 1017 3696 infinitivi,
1039 3617 1152 3700 copula
1174 3617 1306 3678 καλ-καὶ

238 3717 370 3783 seiuncti
399 3723 493 3802 atque
523 3721 633 3784 eodem
664 3721 816 3786 attributo
837 3721 985 3805 praediti,
1014 3721 1150 3804 pendent
1172 3743 1191 3783 a
1211 3719 1307 3783 verbo

240 3819 374 3903 παρὲχωε
409 3821 464 3901 71,
489 3823 527 3886 18
549 3824 611 3904 §b

323 3925 574 3990 Praedicata
604 3929 768 3992 accedunt:
808 3927 848 4005 Π,
871 3928 910 3991 87
945 3927 1004 4009 §5
1035 3922 1241 3996 ἀντιτάξασθε
1272 3921 1307 3984 τὸ

241 4025 447 4111 ἀπαράσκευοι
475 4026 543 4089 τότε
571 4037 677 4109 τυχεῖν.
728 4028 804 4107 711,
828 4031 866 4093 81
891 4029 953 4112 §3
1003 4028 1049 4108 II,
1072 4030 1113 4092 42
1135 4028 1189 4109 §4
1218 4025 1264 4090 ita
1290 4049 1309 4089 a

240 4131 398 4197 codicibus
420 4132 602 4196 exhibetur:
632 4134 682 4193 καὶ
706 4133 736 4192 ἓν
758 4130 843 4216 αὐτῷ
864 4132 900 4194 τὸ
924 4129 1099 4211 ἀμύνεσθαι
1123 4130 1171 4190 καὶ
1196 4133 1308 4190 παθεῖν

327 4319 352 4388 1)
370 4319 410 4371 De
428 4318 544 4387 genetivi
561 4334 614 4371 usu
631 4317 809 4386 Thucydideo,
827 4317 898 4370 Dies.
918 4317 978 4370 Hal.
999 4316 1073 4382 1883,
1092 4333 1116 4384 p.
1132 4316 1172 4368 72.
