3114 5002
790 382 830 446 96

273 550 300 611 εἰ
328 547 490 628 ἐβούλοντο
520 548 649 625 ἀδικεῖν,
680 547 739 631 ἤδη
770 547 808 611 ἄν
836 547 986 634 Ἀργείους
1016 549 1202 631 ξυμμάχους,
1219 557 1351 636 πεποιῆ-

275 657 352 715 σθαι
379 650 439 738 (ὅτι
463 661 549 736 σφεῖς
571 653 748 732 ἐπεποίηντο
772 650 809 714 ἂν
831 654 881 717 vel
908 661 994 737 σφεῖς
1016 651 1053 714 σ’ἰν
1079 659 1267 717 πεποιῖσθαι
1298 658 1352 722 vel

274 757 377 821 solum
388 760 577 836 πεποιῆσθαι
595 753 645 839 ἄν)
658 753 699 829 ὡς
710 764 848 839 παρεῖναι
862 753 885 836 γ’
904 753 1015 830 αὐτοὺς
1026 757 1122 820 αὑτοῦ
1133 755 1242 820 τούτου
1253 757 1351 821 ἕνεκα.

363 910 447 996 §bb
474 910 724 975 Infinitivus
745 912 783 974 in
806 911 1039 986 enuntiatis
1060 912 1264 979 relativis.

362 1030 420 1095 Vis
454 1029 606 1094 orationis
644 1030 790 1114 obliquae
818 1030 955 1115 pertinet
989 1031 1084 1094 etiam
1118 1032 1157 1096 ad
1188 1033 1354 1098 enuntiata

277 1133 423 1211 relativa,
446 1156 527 1217 quae
551 1133 685 1212 orationi
708 1132 855 1216 obliquae
878 1137 950 1196 sunt
970 1133 1102 1213 inserta,
1130 1141 1160 1199 et
1182 1135 1292 1213 efficit,
1315 1141 1355 1200 ut

277 1259 370 1320 saepe
400 1259 457 1320 pro
486 1236 583 1300 verbo
612 1236 701 1300 finito
731 1235 903 1299 infinitivus
932 1241 1075 1319 ponatur.
1120 1236 1153 1301 si
1176 1238 1355 1303 subiectum

278 1340 364 1404 aliud
387 1339 517 1417 exsistit,
540 1339 733 1402 aecusativus
754 1338 883 1421 ponitur
896 1359 968 1402 oum
982 1339 1144 1404 infinitivo.
1188 1340 1354 1406 Habemus

282 1442 384 1506 solum
412 1441 615 1506 infinitiuum:
649 1441 673 1519 I,
695 1441 734 1505 91
758 1438 812 1525 §5
841 1437 897 1502 ὅσα
921 1429 960 1502 οὗ
980 1439 1045 1521 μετ’
1069 1442 1188 1504 ἐκείνων
1209 1440 1355 1520 βουλεύε-

278 1548 366 1606 σθαι.
410 1543 449 1622 V,
472 1544 512 1607 45
543 1543 595 1624 §2
633 1541 733 1624 ὥσπερ
761 1545 810 1604 καὶ
840 1547 891 1605 νῦν
921 1539 1092 1624 ἀντιλέγειν.
1146 1545 1200 1624 VI,
1220 1547 1259 1610 25
1287 1544 1353 1630 §2

281 1647 335 1726 VI,
360 1647 399 1710 72
422 1645 485 1732 §3
516 1645 587 1726 VH,
609 1648 650 1710 47
674 1646 736 1732 §a
766 1647 853 1725 VIII,
876 1649 895 1710 2
919 1649 979 1726 §L
1009 1647 1095 1726 VIII,
1117 1648 1158 1710 27
1182 1645 1241 1732 §3

364 1751 588 1814 Pronomen
618 1747 741 1821 αὐτός
770 1749 902 1814 accedit:
939 1747 996 1823 IV,
1019 1751 1059 1813 98
1086 1753 1139 1830 §5
1162 1748 1242 1832 ὕδωρ
1266 1773 1297 1811 τε
1321 1749 1355 1811 ἓν

279 1858 320 1936 τῇ
344 1849 461 1934 ἀνάγκῃ
484 1857 615 1934 κινῆσαι,
639 1852 676 1934 ἢν
698 1849 752 1913 οὐκ
776 1849 862 1912 αὐτοὶ
888 1848 971 1934 ὕβρει
996 1851 1201 1933 προςθέσθαι.
1231 1851 1286 1932 VI,
1309 1854 1355 1918 64

277 1955 332 2041 §3
356 1952 408 2038 ἀφ’
434 1945 477 2016 ὧν
500 1953 591 2029 αὐτὸς
614 1953 704 2037 ἥκειν.

365 2058 494 2144 Legitir
516 2060 780 2124 accusativus
804 2080 888 2122 oum
910 2056 1073 2122 infinitivo.
1113 2055 1153 2135 V,
1174 2060 1215 2122 46
1235 2059 1289 2137 §3
1313 2053 1358 2130 ὡς

279 2162 421 2243 παρεῖναί
448 2159 472 2242 γ’
505 2158 616 2234 αὐτοὺς
645 2158 741 2222 αὐτοῦ
770 2157 880 2221 τούτου
909 2159 1002 2221 ἕνεκα.
1042 2159 1097 2236 Vl,
1120 2161 1161 2224 24
1189 2159 1247 2245 §3
1277 2157 1357 2222 ὅθεν

277 2262 377 2332 ἀίδιον
406 2263 608 2348 μισθοφορὰν
636 2261 785 2348 ὑπάρξειν.
835 2263 921 2342 VIII,
939 2265 981 2326 48
1003 2265 1056 2342 §5
1086 2255 1134 2335 αἷς
1159 2258 1355 2342 ὑποσχέσθαι

277 2366 315 2447 δὴ
339 2373 420 2450 σφεῖς
443 2365 625 2448 ὀλιγαρχίαν.
659 2365 745 2444 VIII,
768 2369 808 2431 48
832 2366 886 2452 §6
924 2365 1010 2445 VIII,
1035 2367 1073 2430 72
1097 2367 1158 2448 §l

364 2469 439 2533 Tria
460 2470 614 2534 habemus
638 2469 781 2552 exempla
802 2469 949 2534 infinitivi
971 2470 1003 2532 in
1026 2469 1195 2533 enuntiatis
1213 2467 1356 2532 relativis

279 2596 361 2657 quae
391 2596 455 2638 non
485 2576 591 2658 partes
618 2576 691 2636 sunt
720 2571 871 2635 orationis
901 2561 1056 2656 obliquae.
1106 2571 1235 2655 Semper
1264 2571 1356 2634 notio

277 2677 454 2761 imperandi
476 2677 526 2741 vel
548 2675 673 2740 vetandi
693 2675 726 2738 in
748 2673 903 2738 infinitivo
925 2676 1020 2754 inest,
1047 2680 1083 2739 ut
1110 2674 1150 2754 ll,
1170 2675 1211 2737 24
1233 2670 1286 2757 §2
1310 2663 1356 2734 ὧν

276 2779 321 2861 μὴ
347 2784 488 2863 χρῆσθαι
516 2779 654 2864 μηδεμιᾷ
684 2778 713 2852 ἒς
736 2775 809 2839 ἄλλο
829 2802 868 2838 τι.
917 2777 955 2856 V,
978 2779 1019 2841 63
1047 2775 1102 2862 §4
1135 2774 1206 2838 ἄνευ
1236 2765 1278 2838 ὧν
1306 2775 1353 2858 μὴ

277 2879 379 2964 κύριον
401 2877 486 2943 εἶναι.
518 2881 558 2960 H,
583 2883 621 2946 13
644 2879 698 2966 §5
722 2873 766 2954 οἷς
783 2879 959 2964 χρήσεσθαι
985 2877 1104 2954 αὐτούς.

690 3085 778 3178 Pars
810 3085 937 3177 altera.

368 3245 478 3310 Altera
511 3244 603 3308 huius
632 3243 903 3308 commentationis
932 3246 1021 3326 pelte
1050 3241 1246 3305 tractandum
1275 3240 1354 3304 mihi

278 3349 434 3434 proposui
455 3347 644 3411 infinitivum
668 3367 738 3410 eum
760 3345 892 3410 articulo
914 3346 1122 3410 coniunctum.

344 3500 598 3584 Infinitivus
624 3520 725 3581 oum
752 3497 944 3580 antloulo
978 3495 1167 3579 subieotl
1194 3495 1290 3576 noe

692 3619 934 3716 mugituri)

400 3759 484 3844 §62
513 3756 633 3822 Solus
655 3755 904 3820 infinitivus
926 3776 1010 3818 oum
1034 3751 1226 3816 articulo.

363 3860 461 3925 Notio
491 3860 638 3924 infinitivi
666 3858 831 3943 paullatim
853 3857 899 3922 ita
921 3862 968 3921 est
989 3855 1170 3932 obliterata,
1201 3858 1236 3918 ut
1258 3852 1351 3936 plane

278 3969 423 4030 naturam
453 3964 641 4028 substantivi
671 3963 823 4026 indueret.
867 3959 919 4024 Sia
946 3960 1099 4024 habemus
1121 3957 1205 4041 apud
1227 3954 1351 4038 Thucy-

365 4119 390 4186 l)
408 4116 557 4170 Weiske:
592 4115 649 4183 „Jb
677 4116 694 4166 l.
713 4114 780 4167 Ph.“
801 4113 850 4166 Bd.
871 4112 928 4180 126,
953 4128 976 4179 p.
992 4110 1045 4163 494
1066 4126 1094 4162 u.
1117 4125 1141 4176 p.
1162 4107 1220 4161 529.
1262 4105 1351 4160 Stix:

279 4222 359 4275 „zum
377 4203 517 4258 Gabranch
542 4202 588 4255 des
612 4199 745 4254 Infinitive
769 4199 818 4253 mit
836 4197 939 4252 Artikel
963 4197 1006 4250 bei
1023 4194 1248 4262 Demosthenes“,
1275 4193 1351 4247 Bott-

279 4292 340 4347 weil
359 4291 432 4345 1881.
536 4354 538 4358 s
