3114 5002
365 551 487 615 Deinde
510 551 547 614 de
563 549 659 614 verbo
683 545 913 610 τάσσεσθαι
930 549 1074 613 hocloco
1086 549 1165 613 mihi
1179 550 1353 615 dicendum.

282 653 429 717 Activum
443 650 548 714 τάσσαι
562 652 659 716 habet
670 650 931 735 significationem
942 651 1124 734 imperandi,
1142 653 1354 717 accusativum

281 756 328 819 rei
349 756 523 838 imperatae
543 754 628 839 regit
650 753 724 836 (III,
747 756 788 820 50
810 754 886 837 52),
908 776 970 837 quo
992 754 1164 818 infinitivus
1185 754 1355 820 definiendi

282 879 376 922 causa
396 862 502 940 potest
524 857 678 921 accedere.
722 855 767 921 Ut
788 856 811 934 I,
835 857 873 920 19
891 854 1039 940 χρήματα
1062 863 1124 930 τοῖς
1147 861 1221 917 πᾶσι
1241 854 1355 928 τάξαν-

283 983 330 1032 τες
352 958 461 1043 φέρειν.
506 959 545 1037 V,
567 960 605 1022 31
631 961 684 1038 §2
708 955 858 1020 τάλαντον
881 956 988 1030 ἔταξαν
1011 1006 1017 1020 .
1042 1007 1049 1020 .
1074 958 1245 1042 ἀποφέρειν.

367 1062 508 1128 Medium
538 1059 711 1123 τάσσεσθαι
749 1061 846 1125 habet
876 1061 1138 1145 significationem
1166 1062 1257 1141 „sich
1286 1061 1356 1126 auf·

282 1167 375 1250 legen
406 1165 532 1230 lassen“
562 1169 594 1228 et
622 1165 727 1248 ipsum
755 1186 880 1248 quoque
906 1186 977 1228 cum
1008 1165 1187 1230 accusativo
1213 1164 1259 1228 rei
1281 1186 1356 1228 con·

282 1268 432 1354 iungitur,
454 1272 490 1332 ut
511 1265 534 1344 I,
558 1267 619 1330 108
643 1267 694 1345 §4
714 1263 811 1349 φόρον
830 1289 861 1327 τε
878 1265 1048 1347 ταξάμενοι.
1094 1267 1146 1332 Ad
1160 1268 1241 1331 hunc
1265 1288 1356 1330 accu-

283 1369 417 1434 sativum
438 1369 611 1433 infinitivus
634 1368 768 1447 aceedit,
791 1368 873 1446 utI,
900 1371 958 1435 101
983 1372 1053 1450 §a
1069 1366 1218 1452 χρήματά
1240 1391 1271 1430 τε
1296 1365 1357 1430 ὅσα

284 1468 339 1532 tta
371 1468 539 1533 ἀποδοῦναι
571 1469 681 1533 αὐτίκα
709 1469 870 1551 ταξάμενοι
900 1473 949 1532 καὶ
980 1471 1015 1533 τὸ
1044 1471 1151 1533 λοιπὸν
1186 1469 1287 1554 φέρειν
1324 1476 1358 1534 et

283 1573 306 1654 I,
331 1574 388 1639 117
414 1577 432 1656 ξ
449 1577 485 1640 3:
502 1572 651 1657 χρήματα
670 1573 710 1636 τὰ
724 1572 927 1636 ἀναλωθέντα
950 1574 1030 1636 κατὰ
1045 1572 1175 1658 χρόνους
1193 1561 1356 1652 ταξάμενοι

286 1673 464 1738 ἀποδοῦναι.
495 1677 545 1741 Ad
568 1677 726 1752 obiectum
748 1677 904 1762 appositio
929 1678 1048 1742 accedit
1069 1677 1130 1756 III,
1154 1679 1196 1742 50
1217 1678 1287 1756 §22
1311 1670 1358 1749 οἷς

284 1777 427 1864 ἀργύριον
441 1778 577 1858 Λέσβιοι
593 1777 754 1860 ταξάμενοι
778 1785 833 1842 τοῦ
854 1778 967 1864 κλήρου
989 1777 1118 1842 ἑκάστου
1139 1785 1196 1842 τοῦ
1216 1781 1359 1842 ἐνιαυτοῦ

284 1880 338 1944 δύο
360 1887 441 1962 μναῖς
463 1881 573 1966 φέρειν,
596 1906 658 1967 quo
680 1884 713 1948 in
735 1884 878 1967 exemplo
902 1880 956 1945 δύο
977 1887 1058 1962 μνᾶς
1078 1885 1214 1968 pendere
1236 1888 1313 1967 puto
1337 1905 1359 1946 a

287 1983 466 2065 ταξάμενοιε
496 1986 600 2050 notio·
614 1987 769 2071 generalis
793 1984 935 2069 ἀργύριον
957 1987 1154 2070 appositione
1182 1985 1358 2050 accuratius

285 2088 466 2173 explicatur.
505 2087 580 2152 Alia
601 2094 649 2154 est
669 2089 795 2168 ratini,
817 2091 858 2153 99
878 2091 945 2168 §3:
968 2087 995 2149 oi
1018 2089 1137 2161 πλείους
1159 2087 1261 2150 αὐτῶν
1276 2086 1359 2172 χρή-

283 2213 370 2272 ματα
393 2189 537 2263 ἐτάξαντο
561 2189 628 2253 ἀντὶ
650 2196 712 2253 τοῖν
736 2197 809 2254 renis
831 2191 866 2253 τὸ
883 2189 1057 2270 ἱκνούμενον
1072 2190 1221 2272 ἀνάλωμα
1242 2190 1359 2275 φίρεινε

284 2294 335 2359 hio
366 2294 449 2358 enim
476 2293 512 2355 τὸ
544 2292 717 2374 ἱκνούμενον
746 2293 896 2374 ἀνάλωμα
927 2297 1042 2378 pendet
1076 2319 1095 2360 a
1124 2296 1220 2360 verbo
1256 2293 1358 2379 φέρειν

285 2401 317 2462 et
350 2396 396 2460 ita
432 2398 632 2463 vertendum:
669 2399 743 2476 „die
772 2399 905 2463 meisten
934 2420 995 2462 von
1025 2398 1120 2462 ihnen
1147 2398 1260 2464 liessen
1289 2398 1360 2462 sich

286 2498 509 2564 Geldsummcn
542 2501 725 2586 auferlegen
761 2506 878 2566 anstatt
916 2501 970 2564 der
1009 2499 1140 2580 Schiffe,
1172 2502 1270 2566 damit
1306 2501 1361 2564 ihr

286 2601 459 2666 Pflichtteil
481 2603 724 2689 abzutragen*.“

371 2703 502 2790 Legitur
535 2706 646 2771 deinde
679 2705 739 2785 lII,
760 2708 779 2770 6
803 2708 873 2786 §Q
908 2753 925 2781 ,‚
934 2706 983 2766 καὶ
1018 2709 1073 2786 τῆς
1103 2705 1160 2786 μὲν
1195 2703 1361 2786 θαλάσσης

286 2803 384 2892 εἶργον
411 2808 456 2889 μὴ
473 2812 616 2891 χρῆσθαι
644 2807 715 2882 τοὺς
736 2809 969 2888 Μυτιληναίους
977 2811 1001 2873 *.
1047 2808 1209 2874 Nonnulla
1237 2813 1363 2874 exstant

287 2912 447 2995 exempla,
476 2912 532 2976 ubi
552 2913 707 2976 infinitivo
730 2912 884 2976 vocabula
905 2912 1050 2991 ἐπιμαχία
1080 2917 1111 2977 et
1132 2913 1287 2992 ξυμμαχία
1307 2935 1362 2976 ex·
1464 2925 1467 2929 “

287 3014 456 3099 planantur
487 3019 518 3079 et
548 3015 719 3094 indicatur,
749 3015 863 3100 quibus
893 3015 1128 3080 condicionibus
1149 3015 1277 3079 foedera
1298 3015 1364 3078 sint

287 3118 404 3182 facta*.
454 3116 504 3182 Ita
526 3118 660 3202 legimus
682 3117 714 3197 I,
737 3119 779 3182 44
801 3119 854 3196 §l
878 3118 1041 3197 ἐπιμαχίαν
1063 3117 1095 3178 1Ιὲ
1117 3117 1298 3197 ε’ποίησαντο
1322 3121 1364 3199 τῇ

289 3217 428 3300 ἀλλήλων
455 3224 595 3300 βοηθεῖν.
649 3220 686 3300 V,
709 3222 750 3284 48
773 3223 833 3300 §2
865 3219 922 3301 τὴν
953 3218 1077 3304 πραίτην
1104 3219 1265 3300 γενομένην
1295 3220 1363 3280 ε’πι-

287 3323 402 3404 μαχίαν
424 3320 567 3404 ἀλλήλοις
586 3328 726 3403 βοηθεῖν,
749 3321 1025 3406 ξυνεπιστρατεάειν
1047 3323 1079 3385 δὲ
1101 3323 1216 3403 μηδενί.
1260 3322 1298 3401 V,
1319 3323 1363 3388 48

289 3429 342 3507 §2
363 3425 522 3507 γενομένης
543 3425 601 3510 πρὸ
617 3425 729 3489 τούτου
743 3426 915 3506 ξυμμαχίας
937 3436 1001 3500 τοῖς
1023 3425 1127 3500 αὐτοῖς
1150 3430 1290 3506 πολεμεῖν
1311 3429 1363 3487 καὶ

289 3528 409 3614 εἰρήνην
437 3527 527 3610 άγειν.
573 3529 636 3609 VI,
660 3531 700 3595 79
723 3533 777 3623 §l
801 3529 839 3612 ἣν
860 3530 1057 3614 (ξυμμαχίαν)
1080 3527 1269 3611 ἐποιήσασθε
1300 3537 1365 3602 τοῖς

288 3631 465 3713 Ἀθηναίοις
494 3635 633 3712 βοηθεῖν.
676 3631 795 3698 Similis
817 3657 855 3699 ea
876 3638 924 3698 est
946 3635 1153 3712 constructio,
1183 3638 1219 3698 ut
1242 3633 1366 3698 dicatur

290 3741 447 3800 certamen
475 3757 542 3800 esse
573 3736 610 3799 de
633 3735 740 3820 aliqua
759 3759 794 3801 re
811 3741 841 3801 et
863 3736 1018 3800 infinitivo
1042 3736 1148 3801 addito
1176 3736 1289 3800 clarius
1311 3758 1363 3800 ex-

290 3843 441 3923 ponatur,
474 3860 536 3921 quo
573 3838 704 3903 consitio
737 3839 862 3922 utrique
895 3841 936 3903 ad
968 3860 1108 3924 pugnam
1141 3838 1363 3904 descenderint.

291 3940 361 4004 Hoc
393 3962 516 4024 semper
545 3940 591 4005 ita
619 3942 671 4020 fit,
702 3945 737 4006 ut
767 3942 848 4006 actio
876 3942 1032 4006 infinitivo
1055 3965 1202 4027 expressa
1230 3942 1269 4006 ad
1291 3941 1363 4005 sub-

291 4043 429 4108 stantiva
463 4045 682 4127 praecedentia
719 4045 761 4109 sit
799 4045 996 4110 referenda*.
1052 4043 1148 4110 Velut
1179 4043 1219 4123 V,
1241 4045 1282 4108 69
1305 4046 1362 4123 §1

292 4147 483 4207 Μαντινεῦσι
503 4146 560 4225 μὲν
582 4143 628 4210 ὅτι
651 4143 725 4230 ὺπέρ
747 4171 779 4209 τε
795 4148 941 4231 πατρίδος
963 4144 982 4227 ἢ
1003 4145 1087 4227 μάχη
1109 4145 1194 4209 ἔσται
1217 4148 1266 4208 καὶ
1289 4143 1364 4229 ὑπὲρ

293 4246 387 4333 ἀρχῆς
411 4246 477 4329 ἅμα
506 4251 555 4311 καὶ
579 4250 729 4327 δουλείας,
752 4249 809 4331 τὴν
830 4249 887 4330 μὲν
907 4250 953 4332 μη
975 4249 1213 4335 πειρασομένους
1236 4247 1365 4333 ἀφαιρε-
