3114 5002
756 397 817 460 104

332 564 400 628 Iam
432 565 523 628 venio
558 566 598 628 ad
631 588 667 629 ea
700 565 859 650 exempla,
890 567 945 630 ubi
978 568 1140 652 genetivus
1171 569 1318 636 infinitivi

246 667 351 732 locum
366 666 535 731 accusativi
557 690 628 731 eum
642 667 798 732 infinitivo
814 669 942 733 obtinet.
979 667 1154 736 infinitivus
1170 674 1318 739 nimirum

247 770 352 846 hebet,
375 791 436 852 quo
459 770 622 847 referatur,
643 771 730 836 velut
751 771 779 848 Ι,
805 772 864 835 144
886 769 937 856 §1
963 771 1059 832 πολλὰ
1082 769 1137 852 ὶγοι
1160 775 1190 847 ἐς
1210 776 1317 838 ἐλπίδα

247 875 305 933 τοῦ
325 869 537 952 περιέσεσθαι,
569 869 605 952 ἢν
627 872 762 952 ἐθέλητε.
806 873 850 952 H,
876 876 914 938 13
937 872 991 958 §9
1014 871 1091 954 ilipa
1118 878 1167 936 nul
1191 859 1268 939 ἄλλα
1290 879 1320 952 ἐς

249 972 400 1046 ἀπόδειξιν
429 979 485 1036 τοῦ
513 974 717 1056 περιέσεσθαι.
769 977 813 1055 II,
836 979 876 1042 88
897 977 951 1059 §3
987 975 1065 1060 ὃριύν
1094 975 1204 1052 αύτούς
1234 977 1319 1042 αἰθυ-

247 1082 383 1156 μοῦντας
412 1075 552 1156 ἐβούλετο
586 1074 757 1158 ὑπόμνησιν
780 1078 973 1159 ποιήσασθαι
1005 1085 1060 1142 τού
1084 1085 1220 1164 θαρσεῖν.
1264 1083 1319 1160 III,

250 1180 290 1243 82
314 1179 367 1262 §8
390 1178 501 1263 φθόνῳ
524 1185 579 1241 τοῦ
602 1191 742 1265 περιεῖναι
772 1184 824 1259 (so.
848 1180 980 1267 αὐτούς).
1025 1183 1080 1262 IV,
1106 1181 1318 1266 17531‘2216-

249 1305 361 1362 μνησιν
383 1288 438 1344 τοῦ
459 1287 558 1356 καλαῖς
579 1283 811 1361 βουλεύσασθαι
835 1284 909 1368 πρὸς
931 1284 1058 1360 εἰδότας.

250 1469 333 1554 §ru
377 1471 652 1538 Accusativus
674 1496 759 1538 eum
781 1474 1007 1538 infinitivo
1029 1497 1114 1539 eum
1137 1475 1321 1539 artioulo

491 1579 562 1636 τοῦ
581 1577 731 1658 pendet
754 1599 772 1640 a
793 1577 1085 1641 substantivo*

337 1693 427 1759 Hane
448 1695 582 1762 formam
605 1696 757 1760 habemus
778 1695 807 1773 Ι,
830 1697 869 1760 87
890 1694 943 1780 §6
966 1693 984 1776 ἡ
1007 1696 1039 1756 δὲ
1061 1692 1219 1776 διαγνιύμη
1244 1692 1322 1775 οιύτη

253 1799 308 1875 τῆς
336 1795 494 1876 ἐκκλησίας
521 1803 577 1859 τοῦ
606 1796 662 1870 τὰς
690 1797 824 1871 σπονδὰς
851 1796 1008 1860 λελύσθαι.
1053 1799 1115 1876 ΙΙΙ,
1144 1800 1184 1862 82
1208 1799 1261 1880 §3
1283 1797 1323 1858 τὰ

251 1897 483 1981 ἐφυστερίζοντά
499 1925 557 1962 noo
572 1898 675 1962 κύστει
694 1906 756 1962 τιῦν
773 1900 1001 1983 ,προγενομένων
1024 1900 1100 1962 πολύ
1121 1899 1241 1984 ἐπίφερε
1266 1899 1323 1980 τὴν

251 1996 422 2084 ὑπερβολὴν
436 2009 491 2065 τοῦ
505 2007 689 2066 καινοῦσθαι
708 2003 762 2076 τὰς
783 2005 926 2077 διανοίας.
964 2003 1019 2082 IV,
1044 2006 1104 2068 120
1126 2004 1174 2086 §3
1199 2010 1324 2082 σημεῖον

253 2103 278 2164 τ’
308 2099 383 2165 εἶναι
414 2112 469 2167 τοῦ
499 2108 548 2167 καί
580 2105 653 2167 ἄλλο
677 2129 705 2167 τι
730 2104 767 2166 ἂν
796 2104 906 2179 αύτούς
926 2110 988 2167 ταῖν
1009 2106 1160 2186 μεγίστων
1182 2103 1324 2189 ἀνδρείως

253 2202 440 2286 ύιτομεῖνικι.1
473 2208 535 2286 VI,
556 2211 594 2272 4l
620 2209 673 2291 §3
696 2207 822 2288 οὐδεμία
843 2208 948 2290 βλάβη
977 2215 1032 2270 τοῦ
1063 2207 1097 2270 τὸ
1121 2208 1222 2270 κοινὸν
1249 2231 1323 2270 κοσ-

252 2313 404 2391 μηθῆναι.

254 2498 338 2580 880.
381 2498 634 2564 Infinitivus
662 2523 745 2565 oum
768 2501 951 2565 ertioulo
983 2505 1052 2561 τοῦ
1074 2501 1323 2564 coniunctus

540 2604 692 2687 pendet
713 2605 760 2668 ab
784 2601 1036 2686 adiectivo.1)

339 2721 386 2799 II,
409 2724 430 2785 4
452 2722 505 2804 §2
540 2724 680 2789 omnium
713 2723 855 2788 oodioum
886 2745 1039 2787 consensu
1070 2723 1114 2786 sie
1144 2722 1323 2786 exhibetur:

254 2825 412 2908 ἐμπείρους
434 2825 465 2886 δι’
488 2824 611 2906 ἔχοντας
634 2825 704 2899 τούς
727 2823 892 2898 δίιύκοντας
915 2829 970 2886 τοῦ
991 2823 1035 2905 μὴ
1058 2822 1222 2908 ἐκφεύγειν,
1245 2819 1322 2885 ὥστε

255 2927 464 3010 διεφθείροντο
487 2929 601 2991 πολλοί.

338 3031 478 3097 Stahlius
511 3034 571 3097 hoe
596 3033 681 3109 loeo,
717 3033 802 3115 quod
830 3031 961 3095 dubium
990 3031 1046 3108 sit,
1080 3029 1134 3114 qui
1164 3030 1324 3113 effugiant,

254 3133 348 3198 scribi
374 3135 442 3199 vult
469 3157 526 3218 pro
551 3131 702 3217 ἐκφεύγειν
732 3135 861 3199 verbum
884 3133 1002 3216 ε’κφρεΐν
1025 3131 1266 3215 (dumblensem,
1291 3131 1324 3195 in

255 3259 317 3320 qua
339 3238 516 3302 coniectura
538 3238 649 3302 nititur
676 3238 708 3301 in
740 3237 802 3301 alio
829 3237 1002 3320 composito
1026 3236 1163 3318 διαφρεΐν
1184 3233 1260 3312 Vll,
1283 3236 1323 3298 32

255 3337 273 3420 ἐ
290 3341 315 3402 1.
356 3339 425 3404 Hoo
440 3363 629 3423 quamquam
644 3339 777 3424 oogItari
801 3344 914 3422 potest
936 3344 1039 3402 tamen
1059 3359 1324 3421 superveoaneum

255 3441 332 3506 mihi
354 3443 477 3507 videtur
499 3465 573 3506 esse.
618 3443 789 3506 Boehmius
812 3446 869 3502 τοῦ
897 3439 941 3521 μὴ
964 3437 1115 3522 ἐκφεύγειν
1136 3440 1325 3504 infinitivum

254 3545 380 3608 finalem
402 3567 469 3609 esee
491 3545 559 3609 vult
591 3546 713 3624 „demit
734 3545 778 3610 sie
799 3545 886 3609 nieht
908 3543 1099 3620 entfliihen“‚
1129 3543 1161 3607 in
1188 3565 1250 3627 qua
1272 3566 1323 3607 ex-

254 3647 422 3732 plicatione
454 3647 487 3713 id
516 3649 594 3713 mihi
625 3649 783 3733 displicet,
817 3648 902 3731 quod
931 3645 1103 3710 infinitivus
1131 3651 1255 3710 tantum
1285 3648 1325 3710 ad

255 3747 413 3822 διώκοντες
432 3752 543 3816 referri
560 3758 667 3836 posset
680 3752 786 3834 itaque
803 3751 990 3816 adiectivum
1003 3748 1169 3813 relativum
1185 3746 1325 3830 ἔμπειρος

255 3853 399 3920 absolute
421 3855 683 3936 pronuntiaretur.
728 3854 883 3938 Kruegeri
905 3853 1059 3917 sententia
1088 3875 1147 3930 „so
1179 3853 1251 3916 dass
1279 3852 1324 3915 aie

254 3958 343 4022 nieht
358 3955 515 4020 entflohen
524 3961 539 3990 ‘⁴
561 3958 651 4022 valde
666 3958 812 4042 placeret,
835 3956 895 4020 nisi
910 3955 1120 4039 tautologiam
1136 3977 1207 4020 oum
1221 3954 1325 4018 verbis

342 4196 367 4262 1)
385 4195 464 4262 Apud
488 4193 653 4247 Herodotum
681 4212 765 4250 unum
797 4195 958 4249 adiectivum
988 4192 1073 4247 αἴτιος
1099 4192 1253 4264 genetivum
1284 4192 1325 4246 in·

256 4281 351 4336 finitivi
368 4282 444 4350 regit.
