3114 5002
792 329 852 392 110

287 499 442 562 infinitivo
476 498 675 561 coniunctum
705 497 879 562 invenimus
908 497 955 576 II,
978 499 1019 563 84
1041 498 1059 580 ξ
1078 499 1102 561 l.
1155 495 1209 572 IV,
1232 497 1272 560 55
1296 495 1359 577 §2

289 600 501 676 Quamobrem
531 600 612 665 falso
644 601 826 684 Kruegerus
858 604 913 662 τοῦ
941 601 1092 664 coniicere
1120 599 1198 662 mihi
1228 599 1360 663 videtur.

288 703 362 768 Alia
384 707 431 766 est
452 703 534 767 ratio
556 702 648 780 VIII,
670 703 709 766 87
734 701 803 783 53,
826 703 882 766 ubi
902 703 936 766 in
958 704 1117 768 codicibus
1139 707 1256 766 exstat:
1283 705 1360 762 πολ-

288 809 366 888 λαχῇ
387 803 543 878 εἰκάζεται·
569 803 597 865 oi
618 803 675 883 μὲν
697 803 755 887 γὰρ
779 851 785 864 .
810 851 817 864 .
842 852 848 864 .
873 803 958 866 ἄλλοι
982 806 1008 866 d'
1029 802 1072 878 ὡς
1097 809 1253 884 καταβοῆς
1275 802 1360 864 ἕνεκα

289 913 345 988 τῆς
375 909 404 981 ἐς
430 908 671 986 Λακεδαίμονα,
701 907 736 968 τὸ
763 905 906 987 λέγεσθαι
938 905 978 981 ὡς
1007 907 1061 971 οὐκ
1081 907 1206 970 ἀδικεῖ.
1232 955 1238 968 .
1266 955 1272 968 .
1296 907 1362 970 Alii

289 1013 424 1076 editores
446 1012 599 1076 hocloco
622 1011 761 1074 scribunt
783 1015 852 1085 τοῦ,
874 1011 928 1074 alii
951 1009 995 1072 τό.
1039 1012 1122 1076 Puto
1144 1015 1244 1075 totam
1267 1033 1361 1094 quae-

289 1117 422 1179 stionem
452 1115 571 1178 versari
598 1115 631 1176 in
659 1114 888 1198 significatione
912 1114 1100 1178 substantivi
1126 1110 1266 1192 καταβοή
1289 1134 1362 1176 con·

290 1218 455 1282 stituenda.
498 1217 623 1300 Duplex
645 1217 691 1280 vis
714 1217 746 1279 in
769 1213 910 1296 καταβοή
932 1217 1025 1295 inest,
1049 1222 1104 1281 aut
1126 1217 1258 1300 simplex
1278 1214 1362 1293 „Ge-

290 1320 397 1398 1111111,
429 1319 572 1384 (11111111“
605 1324 659 1384 111
687 1317 965 1404 „Verliiumdung²
995 1321 1179 1406 gshdssiges
1208 1318 1363 1396 (11111111,

293 1445 374 1507 quae
395 1423 585 1507 significatio
608 1423 766 1486 invenitur
787 1421 818 1488 Ι,
844 1423 883 1486 73
906 1420 924 1502 ἐ
943 1423 958 1484 1
984 1426 1015 1485 et
1037 1421 1129 1500 VIII,
1152 1424 1191 1486 85
1215 1420 1277 1502 §h

375 1525 443 1588 Iam
465 1547 539 1589 vero
562 1525 641 1589 mihi
662 1525 787 1608 quidem
812 1524 943 1588 dubium
965 1547 1032 1588 esse
1054 1547 1116 1588 non
1140 1529 1259 1608 potest,
1289 1525 1366 1608 quin

291 1626 432 1707 καταβοή
466 1627 517 1690 hic
555 1627 674 1691 habeat
713 1629 777 1691 vim
812 1628 955 1691 rumoris.
1012 1627 1249 1710 Praepositione
1283 1627 1364 1690 enim

296 1729 380 1792 ἕνεκα
410 1731 609 1814 Thucydides
641 1731 787 1813 exprimit
816 1729 1058 1813 Tissaphernem
1092 1730 1202 1794 itinere
1239 1752 1295 1793 suo
1333 1729 1367 1793 id

293 1836 405 1920 egisse,
427 1839 462 1898 ut
483 1856 591 1898 rumor
606 1833 838 1898 Lacedaemone
861 1833 1032 1910 exsisteret
1055 1857 1088 1897 se
1111 1832 1228 1909 omnia,
1252 1831 1366 1916 quibus

293 1961 360 2002 sese
398 1937 579 2013 obtuhsset‚
615 1936 719 2000 officia
757 1936 885 2020 exsequi
921 1932 974 2018 (ὡς
1010 1933 1062 1997 οὐκ
1100 1933 1217 2017 ἀδικεῖ).
1273 1933 1367 1998 Hunc

292 2042 386 2104 finem
416 2063 484 2104 eam
515 2040 555 2104 ob
587 2061 713 2103 causam
735 2039 891 2122 sequitur,
921 2043 957 2102 ut
989 2062 1082 2122 quam
1105 2037 1278 2102 diutissime
1304 2037 1367 2102 fide

292 2143 609 2208 Lacedaemoniorum
644 2147 752 2206 utatur
790 2147 821 2205 et
858 2141 1031 2205 cunctando
1071 2142 1210 2225 utrisque
1247 2145 1367 2217 noceat

294 2247 500 2330 quamobrem
523 2245 618 2308 etiam
639 2249 741 2308 castra
764 2244 888 2308 navalia
909 2247 975 2308 tam
998 2266 1092 2328 saepe
1113 2248 1226 2308 movet.

380 2349 491 2432 Poppo
514 2371 588 2411 sane
613 2347 688 2412 dicit
711 2347 977 2430 praepositionem
1006 2345 1089 2408 ἕνεκα
1117 2369 1180 2410 111
1207 2343 1369 2428 impedire,

296 2452 463 2536 quominus
493 2449 526 2514 in
563 2450 758 2514 substantivo
786 2447 928 2529 καταβοή
967 2451 1054 2514 notio
1084 2449 1258 2514 calumniae
1285 2446 1370 2524 insit,

297 2555 371 2639 quia
392 2553 550 2618 interdum
573 2552 624 2613 aas
639 2553 775 2616 vicissim
798 2575 855 2636 pro
880 2551 964 2613 ἕνεκα
984 2557 1165 2636 usurpetur:
1188 2551 1242 2614 sed
1266 2571 1368 2614 exem-

296 2657 365 2741 plis,
386 2679 465 2740 quae
490 2655 605 2732 attulit,
628 2655 854 2720 demonstravit
873 2654 923 2715 διὰ
946 2679 1002 2739 pro
1026 2655 1110 2717 ἕνεκα
1132 2653 1284 2738 usurpari,
1305 2675 1370 2716 uon

296 2760 496 2824 contrarium.
539 2759 697 2843 Kruegeri
719 2758 888 2835 sententia,
911 2757 1053 2839 καταβοή
1075 2779 1167 2843 posse
1191 2779 1258 2820 esse
1280 2777 1370 2820 accu-

297 2862 465 2940 sationem,
497 2883 560 2945 qua
587 2859 812 2944 Tissaphernes
843 2862 991 2926 adversus
1019 2860 1251 2926 criminationes
1277 2857 1370 2923 Pelo-

297 2966 520 3050 ponnesiorum
556 2987 669 3028 usurus
703 2964 813 3042 fuerit,
849 2965 974 3030 videtur
1002 2966 1080 3029 mihi
1110 2986 1176 3028 1111
1205 2961 1369 3038 reicienda,

298 3071 384 3153 quod
407 3067 563 3152 appositio
586 3067 619 3130 in
641 3067 721 3130 hanc
743 3067 805 3131 loci
828 3067 1067 3152 explicationem
1088 3089 1151 3130 non
1174 3065 1315 3148 quadrat.

385 3172 608 3236 Convertamus
623 3170 688 3233 iam
709 3192 766 3233 nos
782 3171 822 3234 ad
836 3193 889 3235 eos
905 3171 1047 3248 editores,
1070 3169 1124 3252 qui
1140 3168 1370 3232 substantivum

299 3272 440 3355 καταβοή
470 3274 598 3338 notione
629 3272 763 3355 simplici
792 3275 926 3337 rumoris
947 3273 1123 3357 praeditum
1146 3294 1213 3336 esse
1236 3275 1371 3348 censent,

300 3379 481 3444 Classeuum
515 3381 547 3441 et
579 3375 786 3453 Boehmium‚
820 3399 954 3460 quorum
986 3375 1065 3439 alter
1098 3397 1166 3438 eam
1197 3375 1298 3458 ipsam
1330 3373 1371 3437 ob

299 3483 505 3546 1111111τοῦ
527 3477 671 3558 λέγεσθαι
696 3477 790 3542 scribi
812 3481 892 3558 vult,
923 3479 1001 3544 alter
1024 3476 1059 3539 τὸ
1082 3475 1225 3558 λέγεσθαι
1249 3477 1371 3541 retinet.

300 3583 369 3661 Qua
402 3586 435 3648 in
466 3582 647 3668 quaestione
681 3580 826 3646 Boehmii
864 3583 1019 3647 sententia
1053 3580 1257 3664 praeferenda
1294 3579 1373 3644 mihi

299 3689 423 3752 videtur
444 3710 520 3765 esse,
544 3685 597 3770 qui
620 3683 655 3746 τὰ
671 3683 814 3763 λέγεσθαι
838 3686 1026 3750 servandum
1049 3706 1116 3748 esse
1131 3687 1229 3767 putat.
1273 3681 1371 3747 Notio

301 3791 383 3855 enim
399 3789 563 3875 generalis,
585 3811 665 3872 quae
687 3787 831 3852 hocloco
854 3787 1099 3852 insubstantiva
1119 3782 1260 3864 καταβοή
1281 3785 1370 3859 inest,

301 3896 420 3980 optime
450 3893 626 3958 accusativo
662 3891 749 3954 verbi
779 3893 919 3956 neutrius
949 3890 984 3952 τὸ
1015 3887 1158 3970 λέγεσθαι
1189 3887 1372 3965 declaratur,

302 4000 356 4083 qui
384 4021 536 4062 summam
566 3995 651 4058 illius
681 3995 815 4059 rumoris
845 3996 981 4060 breviter
1011 3992 1164 4076 exprimit.
1208 3989 1323 4054 Contra
1346 3990 1373 4053 si

301 4099 442 4182 καταβοή
457 4101 517 4166 hoc
532 4102 601 4165 loeo
618 4149 633 4178 ,,
640 4098 817 4164 1111111111*
832 4098 1032 4183 significaret,
1047 4117 1144 4159 unum
1158 4098 1214 4155 τοῦ
1228 4091 1371 4174 λέγεσθαι

301 4210 420 4270 rectum
443 4227 510 4269 esse
533 4225 698 4268 censerem.
