3114 5002
806 365 847 428 90

370 532 490 598 Nescio
506 556 546 598 an
561 554 624 596 non
639 532 720 596 ratio
735 539 820 597 certa
833 534 934 616 possit
949 535 1105 612 constitui,
1127 557 1222 619 quam
1236 533 1361 619 Thucy-

287 636 375 700 dides
405 637 438 700 in
468 637 527 700 hac
549 635 703 720 particula
723 637 930 701 construenda
953 637 994 702 sit
1016 642 1153 702 secutus:
1181 636 1215 700 id
1236 641 1361 702 tannim

287 739 347 803 dici
370 739 494 802 videtur
518 761 618 822 posse,
641 739 826 821 pulticulam
847 762 917 804 oum
938 739 1034 804 verbo
1050 740 1138 804 finito
1161 740 1361 806 coniunctam

287 842 496 907 enuntiationi
534 841 749 905 consecutivae
787 842 938 908 maiorem
969 842 1106 908 tribuere
1136 842 1200 906 vim
1228 865 1361 927 eamque

287 946 377 1029 quasi
399 945 448 1008 sui
470 943 548 1008 iuris
569 929 687 1021 facere}
701 965 772 1007 cum
793 945 966 1010 infinitivus
988 951 1061 1030 post
1080 943 1156 1006 ὥστε
1172 945 1361 1029 particvdam

287 1049 409 1112 notioni
421 1045 616 1112 antecedenti
628 1045 829 1129 explicandae
841 1049 990 1113 inserviat
1001 1053 1095 1132 atque
1107 1048 1361 1133 supplementum

287 1151 328 1214 sit
350 1151 464 1233 prioris
486 1148 665 1213 sententiae.

374 1270 479 1335 Liceat
501 1268 579 1332 mihi
601 1267 708 1331 statim
732 1291 768 1332 ea
790 1269 913 1347 afferre,
943 1291 1023 1352 quae
1042 1269 1081 1333 de
1103 1271 1242 1335 subiecto
1264 1294 1361 1335 enun-

288 1373 428 1437 tiationis
444 1373 662 1438 consecutivae
676 1373 821 1436 videntur
836 1394 902 1436 esse
918 1373 1055 1450 dicenda,
1076 1374 1150 1457 qnia
1163 1374 1196 1437 in
1211 1373 1362 1457 exemplis

288 1477 505 1541 enumerandis
527 1499 591 1540 non
613 1499 684 1539 eum
699 1474 840 1539 ordinem
855 1475 956 1540 adhuc
973 1481 1130 1541 servatum
1151 1477 1302 1555 retinebo
1324 1481 1361 1541 ut

287 1580 423 1663 primum
443 1579 586 1662 exempla
609 1579 710 1642 solum
729 1578 918 1643 infinitivum
933 1580 1123 1661 praebentia,
1145 1581 1255 1644 deinde
1270 1602 1360 1644 accu-

288 1683 381 1746 sativi
403 1704 474 1746 cum
494 1681 647 1746 infinitivo
671 1681 807 1746 afferam.
850 1681 933 1746 Nam
956 1703 1026 1746 cum
1040 1705 1156 1768 magna
1170 1683 1211 1747 sit
1225 1681 1361 1746 varietm

288 1785 321 1848 in
344 1785 484 1848 subiecto
508 1789 563 1848 aut
584 1784 727 1848 addendo
749 1788 804 1847 aut
826 1785 1008 1862 omittendo,
1029 1785 1161 1850 materia
1175 1785 1268 1849 nimis
1282 1785 1363 1848 mihi

289 1893 372 1952 esset
394 1888 603 1952 discindenda.
643 1886 680 1950 ln
701 1887 880 1950 universum
903 1887 1001 1972 igitur
1022 1889 1105 1954 idem
1120 1892 1168 1952 est
1187 1887 1362 1966 dicendum,

291 1992 378 2075 quod
399 1992 463 2054 iam
487 1992 525 2054 de
547 1990 617 2072 πρίν
638 1988 793 2073 paiticula
814 2012 885 2054 cum
900 1989 1053 2055 infinitivo
1066 1992 1231 2055 coniuncta
1244 1989 1364 2054 dictum

289 2100 345 2158 est.
383 2093 417 2158 Si
439 2094 614 2158 subiectum
636 2093 719 2156 idem
741 2097 855 2170 manet,
876 2093 962 2156 solus
983 2094 1111 2183 ponitur
1123 2093 1310 2157 infinitivus:
1333 2093 1363 2156 si

291 2197 465 2262 subiectum
482 2195 705 2260 enuntiationis
718 2196 933 2259 consecutivae
942 2195 975 2258 in
988 2196 1200 2260 enuntiatione
1210 2196 1362 2280 primaria

290 2300 432 2383 quolibet
453 2321 527 2363 casu
550 2319 731 2380 expressum
753 2299 849 2375 adest,
872 2297 1005 2381 simplex
1026 2299 1153 2381 ponitur
1175 2299 1363 2363 infinitivus:

290 2403 336 2466 ita
359 2423 449 2466 casus
472 2401 620 2483 obliquus
643 2403 691 2463 est
712 2399 887 2464 subiectum
909 2401 1132 2466 enuntiationis
1146 2401 1364 2466 consecutivae

285 2503 344 2583 IV,
370 2505 409 2568 37
433 2503 495 2589 §2
527 2502 581 2580 IV,
597 2502 636 2565 78
659 2499 722 2586 §tt
766 2501 948 2568 Subiectum
971 2504 1065 2570 etiam
1088 2527 1125 2568 ex
1148 2503 1364 2570 enuntiatione

288 2606 497 2672 subordinate
518 2609 624 2690 potest
646 2605 736 2682 sumi,
758 2611 794 2669 nt
813 2605 900 2684 VIII,
921 2607 962 2670 90
984 2606 1046 2692 ξ4.

374 2727 409 2792 Si
436 2727 611 2792 subiectum
639 2747 695 2809 per
723 2747 756 2790 se
781 2729 888 2810 potest
914 2725 1074 2812 intellegi,
1110 2727 1206 2792 etiam
1233 2748 1364 2810 prorsus

290 2831 396 2896 omitti
423 2834 541 2914 potest,
579 2833 615 2892 ut
642 2827 681 2892 ll.
703 2829 745 2891 49
774 2826 852 2913 §52
893 2827 932 2888 τὰ
960 2828 991 2890 dd
1020 2828 1104 2903 ἐντὸς
1133 2827 1229 2902 οὕτως
1257 2825 1363 2890 ἐκάετο

289 2932 365 2994 ὥστε
396 2931 471 3012 μήτι
495 2936 557 2992 ττῦν
586 2928 666 2990 πάνυ
688 2934 805 2992 λεπτῶν
827 2929 957 3009 ἱματίων
979 2934 1028 2992 καὶ
1052 2931 1198 2994 σινδόνων
1218 2930 1273 3004 τὰς
1295 2932 1363 2992 ἐντι-

289 3035 386 3114 βολὰς
413 3032 487 3114 μηδ’
523 3031 597 3093 ἄλλο
627 3057 655 3093 τι
688 3031 708 3112 ἦ
738 3035 844 3113 γυμνοὶ
868 3029 1048 3113 ἀνέχεσθαι,
1079 3036 1163 3120 quod
1186 3034 1364 3120 exemplum

289 3139 384 3202 etiam
407 3160 476 3202 eam
499 3136 539 3200 ob
578 3157 704 3200 causam
726 3142 773 3200 est
794 3137 885 3201 valde
908 3137 1080 3222 singulare,
1103 3138 1177 3222 quia
1194 3137 1295 3202 oratio
1317 3137 1365 3200 ita

289 3247 339 3305 est
365 3241 575 3318 conformata,
607 3239 696 3322 quasi
724 3238 752 3299 oi
781 3245 938 3312 νοσοῦντες
966 3240 1139 3305 subiectum
1161 3239 1258 3304 totius
1281 3243 1365 3305 esset

287 3345 415 3428 periodi.
449 3343 486 3406 cf.
509 3341 532 3420 I,
554 3343 596 3406 40
617 3339 679 3426 §4

376 3464 410 3529 Si
432 3462 519 3527 notio
543 3467 636 3526 antea
657 3485 720 3526 non
742 3468 986 3528 commemorata
1007 3463 1089 3527 vices
1112 3462 1244 3528 subiecti
1266 3484 1361 3526 enun-

290 3567 430 3631 tiationis
454 3565 669 3630 consecutivae
691 3564 820 3642 obtinet,
841 3569 929 3647 patet
947 3565 1159 3630 accusativum
1173 3587 1245 3628 cum
1259 3563 1361 3628 infini-

289 3671 354 3734 tivo
377 3669 460 3752 poni.

290 3906 587 3975 assumus-2.
615 3903 1362 3973 VL61§4.V1‚80§1.V1‚85§3.V1‚93§2.

289 3989 1363 4060 Vss,4§6.v11,25§7.VH‚44§3.§5.§7.V111,66§2.VH1‚

290 4079 323 4132 68
341 4078 394 4146 §t
419 4077 493 4142 VIII,
514 4077 546 4128 73
564 4079 578 4144 ᾖ
595 4077 618 4129 d.
643 4071 714 4126 ὥστε
738 4093 800 4130 cum
826 4076 1053 4146 imperativo*
1071 4077 1112 4128 est
1129 4076 1314 4130 coniunctum:
1343 4076 1363 4128 1.

292 4166 341 4218 124
359 4166 407 4233 §L
432 4163 479 4231 vl,
502 4163 532 4215 91
553 4163 603 4231 §t
628 4161 740 4229 V11,63
760 4164 801 4232 §4
828 4179 890 4216 cnm
909 4161 1063 4230 optativo
1082 4163 1115 4215 et
1139 4160 1192 4215 ἀνι
1219 4161 1241 4228 1,
1260 4161 1294 4214 70
1310 4162 1325 4229 ξ
1340 4159 1363 4214 9.

290 4246 1260 4318 mmmmmfflumummmmmmm
