3108 5006
301 1229 476 1347 Propriam
502 1261 630 1346 linguae
654 1262 791 1328 Graecae
817 1268 962 1328 naturam
985 1263 1037 1328 vix
1063 1263 1139 1328 satis
1165 1265 1284 1349 percipi

210 1387 311 1448 posse,
332 1365 394 1429 nisi
414 1365 507 1430 unius
534 1365 684 1449 cuiusque
706 1366 842 1430 auctoris
864 1388 939 1430 usus
953 1365 1110 1449 loquendi,
1131 1373 1284 1452 quatenus

209 1467 336 1550 quidem
367 1469 407 1532 ad
427 1468 572 1552 linguam
595 1469 852 1534 conformandam
886 1467 1000 1546 valuit,
1033 1469 1201 1554 diligenter
1232 1493 1283 1534 ex·

211 1569 343 1648 cutitur,
377 1571 520 1635 homines
549 1571 633 1635 docti
660 1573 778 1636 dudum
808 1572 890 1636 inter
920 1593 953 1635 se
983 1573 1188 1637 consentiunt.
1232 1573 1282 1637 I·

211 1671 321 1755 primis
351 1677 457 1738 autem
487 1696 503 1737 e
532 1697 565 1738 re
596 1674 733 1752 videtur,
762 1679 798 1738 ut
829 1696 891 1757 qua
912 1673 963 1737 via
983 1673 1094 1759 lingua
1116 1698 1284 1762 progressa

210 1773 268 1852 sit,
296 1774 379 1838 clare
401 1781 567 1860 appareat,
598 1777 712 1861 quibus
743 1777 776 1840 in
806 1777 900 1840 rebus
930 1776 992 1840 duo
1019 1778 1186 1862 scriptores
1208 1803 1285 1863 pau·

210 1897 318 1940 corum
350 1877 570 1942 decenniorum
607 1880 710 1964 spatio
741 1881 823 1944 inter
855 1901 887 1942 se
917 1879 1067 1944 distantes
1097 1881 1285 1966 conspirent,

211 1979 325 2062 quibus
361 1981 443 2044 inter
478 2003 511 2045 se
549 1981 752 2055 dissentiam,
790 1981 968 2046 examinata
1010 2005 1072 2047 una
1114 1985 1285 2069 eademque

209 2087 299 2166 parte
329 2083 453 2168 generis
482 2083 604 2148 dicendi
631 2089 775 2149 accurate
804 2105 967 2168 exponere.
1011 2083 1102 2161 Quod
1125 2109 1161 2150 eo
1182 2088 1285 2172 magis

210 2208 324 2270 operae
347 2188 484 2271 pretium
506 2210 587 2266 esse,
610 2188 637 2251 si
660 2189 722 2252 duo
746 2188 915 2272 scriptores
937 2187 970 2251 in
993 2188 1101 2253 eadem
1122 2188 1285 2257 literarum

209 2294 299 2373 parte
328 2290 444 2354 versati
474 2295 660 2374 argumenta
689 2313 727 2354 ex
755 2295 845 2374 parte
873 2291 956 2355 inter
978 2313 1011 2355 se
1034 2291 1149 2355 similia
1169 2295 1284 2356 tracta·

212 2397 339 2471 verunt,
360 2415 453 2458 nemo
475 2393 614 2478 negabit.

296 2494 399 2572 Quare
421 2495 500 2560 mihi
521 2518 585 2560 non
608 2495 746 2560 alienum
769 2518 836 2560 esse
858 2497 1033 2574 videbatur,
1055 2500 1225 2580 postquam
1247 2498 1285 2562 de

211 2597 359 2662 infinitivi
395 2599 519 2682 syntaxi
557 2597 738 2663 Herodotea
774 2603 846 2663 ante
883 2599 942 2664 hos
978 2621 1032 2683 ser
1068 2621 1165 2663 annos
1198 2599 1285 2664 Heil-

211 2723 343 2766 mannus
354 2702 379 2784 ¹)
412 2706 443 2766 et
479 2699 666 2784 Sharpius2)
695 2701 728 2764 in
759 2701 1032 2768 dissertationibus
1062 2701 1131 2766 suis.
1160 2702 1285 2786 copiose

212 2810 360 2890 egerunt,
388 2806 422 2869 in
449 2803 597 2868 infinitivi
625 2804 708 2886 apud
731 2803 979 2888 Thucydidem3)
1011 2803 1134 2886 syntaxi
1157 2825 1285 2887 operam

212 2906 380 2972 collocare:
414 2930 509 2992 quam
543 2906 786 2990 disputationem
823 2905 978 2990 imprimis
1009 2905 1049 2969 ad
1079 2905 1286 2971 differentiam

211 3009 310 3074 Ionici
339 3015 370 3074 et
389 3010 488 3074 Attici
516 3011 669 3074 sermonis
697 3009 872 3073 accuratius
894 3008 1144 3093 cognoscendam
1166 3009 1286 3094 aliquid

211 3111 359 3176 utilitatis
376 3113 557 3178 habituram
580 3134 647 3176 esse
662 3133 762 3195 spere.
805 3111 911 3196 Atque
935 3133 997 3196 quo
1012 3111 1136 3176 facilius
1152 3133 1284 3198 cognos-

212 3219 313 3294 catur,
342 3215 455 3300 quibus
477 3215 510 3278 in
531 3215 625 3278 rebus
647 3214 816 3298 scriptores
837 3214 919 3279 inter
942 3237 974 3278 se
996 3213 1149 3293 differant,
1171 3213 1286 3298 quibus

212 3317 419 3397 consentiant,
441 3317 680 3402 dispositionem
702 3315 893 3395 Heilmanni,
915 3315 969 3380 scd
991 3337 1054 3379 non
1076 3315 1143 3380 sine
1165 3317 1286 3402 aliquot

212 3442 292 3503 quae
321 3421 401 3484 mihi
431 3420 623 3484 necessariae
652 3419 737 3484 visae
767 3424 840 3484 sunt
860 3417 1100 3496 mutationibus,
1124 3419 1286 3504 amplexus

215 3523 337 3602 omnia,
367 3545 447 3607 quae
477 3527 613 3600 exstant,
646 3521 794 3586 infinitivi
823 3521 967 3606 exempla
989 3521 1022 3584 in
1048 3521 1187 3586 medium
1213 3547 1285 3608 pro·

213 3623 312 3688 feram
336 3629 376 3704 et,
397 3625 424 3688 si
446 3625 522 3708 quid
544 3625 664 3709 proprii
683 3625 809 3704 habent,
832 3623 986 3708 explicare
1008 3626 1154 3690 conabor.
1184 3625 1286 3691 Nimi-

298 3794 318 3861 1)
340 3794 369 3846 L.
394 3793 633 3848 Heilmannus:
670 3794 703 3846 de
730 3793 853 3847 infinitivi
884 3791 993 3860 syntaxi
1018 3790 1182 3862 Herodotea,
1215 3795 1286 3851 Diss.

216 3877 402 3932 Gissa01879.

298 3963 318 4031 2)
336 3963 367 4016 R.
390 3963 572 4033 Sharpius:
591 3965 623 4020 de
641 3964 770 4018 infinitivo
789 3965 952 4037 Hercdcteo,
976 3966 1046 4020 Diss,
1065 3964 1136 4032 Lips.
1160 3963 1234 4019 1880.

298 4049 317 4116 ⁸)
335 4051 375 4103 De
399 4050 523 4104 infinitivi
541 4051 612 4118 apud
629 4050 813 4119 Thucydidem
837 4067 904 4119 usu,
929 4052 1046 4120 sedita,
1069 4052 1101 4104 ut
1122 4050 1150 4104 in
1167 4052 1288 4118 tempora

210 4135 334 4189 infinitivi
351 4135 522 4204 inquirerent,
541 4139 666 4206 egerunt:
690 4136 931 4192 Forsmannus:
951 4137 984 4190 de
1001 4136 1123 4190 infinitivi
1136 4138 1287 4202 temporum

211 4237 263 4276 usu
286 4221 472 4291 Thucydideo:
498 4221 916 4289 „01nfiusStucien“,Bd.V1.
936 4240 962 4290 p.
973 4224 996 4276 1.
1013 4221 1212 4276 Floeokius:
1240 4221 1286 4276 ob·

211 4308 375 4362 servationes
393 4307 580 4376 Thucydideae
600 4308 802 4377 grammaticae,
825 4308 897 4363 Diss.
915 4307 1124 4377 Morburgiensis
1143 4306 1217 4362 1872.
