3114 5002
799 406 842 472 48

274 577 329 644 sed
350 577 464 663 logicis
486 577 588 643 caucia
610 577 753 642 homines
774 577 859 642 docti
882 578 1016 661 probare
1037 579 1213 644 studebant
1256 579 1351 646 Nunc

275 680 434 765 plerique,
461 681 495 746 in
518 681 631 766 quibus
654 679 779 744 Curtius
803 679 880 758 fuit,
901 681 982 744 hanc
1003 681 1158 746 rationem
1178 684 1352 767 probant1)

359 785 625 850 Proficiscendum
659 803 726 846 esse
757 782 798 847 ab
829 804 866 846 eo
896 783 1088 861 accusativo,
1121 785 1176 867 qui
1205 810 1224 850 a
1252 786 1351 850 verbo

274 887 363 952 finito
385 888 528 971 pendeat.
572 884 751 962 Paullatim,
773 889 946 968 postquam
967 886 1078 972 lingua
1100 887 1153 952 diu
1176 888 1352 952 subiectum

273 991 414 1075 logicum
448 989 597 1054 infinitivi
632 992 663 1052 et
691 987 849 1052 obiectum
879 989 1124 1072 grammaticum
1151 990 1240 1054 verbi
1269 990 1352 1054 finiti

275 1093 452 1158 accusativo
465 1091 661 1176 expresserit,
677 1089 824 1176 analogia
835 1091 916 1155 hanc
929 1092 1197 1156 constructionem
1207 1093 1353 1178 longiore

275 1197 377 1281 spatio
413 1218 480 1260 esse
519 1199 668 1282 vagatam
706 1197 737 1257 et
770 1193 982 1258 accusativum
1014 1193 1060 1258 ita
1091 1215 1163 1258 cum
1195 1195 1352 1260 infinitivo

275 1299 448 1378 coaluisre,
473 1303 508 1364 ut
537 1302 648 1382 postca
669 1299 817 1378 putantes
837 1300 982 1360 naturam
1004 1297 1151 1361 infinitivi
1175 1297 1352 1362 subiectum

276 1402 453 1466 accusativo
476 1421 658 1485 expressum
679 1419 816 1482 poscere,
842 1398 1027 1476 subiectum,
1053 1399 1154 1464 sicubi
1176 1401 1353 1466 addendum

275 1509 350 1584 erat,
373 1504 550 1569 accusativo
572 1501 818 1586 pronuntiarent

361 1607 467 1672 Minus
489 1604 699 1691 probabiliter
718 1602 988 1687 Schoemannus2)
1011 1604 1057 1668 ita
1076 1626 1143 1670 rem
1165 1605 1354 1688 explanavit

276 1711 354 1776 (lum
374 1709 546 1774 infinitivus
569 1730 691 1792 semper
717 1707 758 1770 ab
785 1707 856 1771 aliis
876 1708 1027 1772 orationis
1041 1707 1190 1772 membris
1209 1708 1353 1792 pendeat,

274 1817 372 1898 negat
407 1811 582 1878 subiectum
618 1809 769 1874 infinitivi
806 1811 916 1874 ecdem
949 1833 1024 1875 casu
1059 1811 1107 1875 uti
1143 1834 1248 1896 posse,
1288 1832 1353 1896 quo

276 1916 450 2006 subiectum
471 1914 561 1979 verbi
581 1913 671 1990 finiti,
692 1914 790 1976 immo
820 1935 856 1976 eo
879 1935 953 1977 caau
975 1936 1043 1978 esce
1056 1915 1275 1992 exhibendum,
1298 1915 1354 1998 qui

275 2020 356 2084 hanc
376 2017 615 2102 dependentium
629 2017 764 2080 maxime
779 2015 943 2098 exprimat,
989 2016 1080 2082 Hanc
1096 2021 1202 2082 autem
1216 2016 1352 2080 formam

275 2144 342 2187 ease
374 2121 598 2197 accusativum,
631 2141 694 2202 quo
726 2140 799 2182 casu
837 2120 965 2203 proprie
999 2121 1173 2184 subiectum
1206 2119 1352 2184 infinitivi

275 2225 430 2290 efferatur.

340 2396 422 2475 §29
460 2393 742 2457 Accusativus
764 2395 919 2476 pendet
941 2417 960 2457 a
981 2392 1106 2457 verbo
1128 2391 1289 2476 finitor)

362 2513 506 2583 Primum
541 2512 579 2576 de
618 2533 655 2576 ec
694 2513 874 2578 accusativo
904 2535 975 2578 cum
1005 2511 1160 2578 infinitivo
1190 2512 1357 2578 coniuncto

274 2617 354 2682 mihi
384 2615 549 2682 dicendum
573 2618 637 2692 eat,
668 2615 723 2698 qui
751 2637 809 2698 pro
844 2615 948 2698 prima
967 2615 1061 2680 huius
1083 2638 1159 2682 usus
1185 2615 1288 2680 forma
1310 2620 1360 2680 est

275 2720 446 2789 habendus.
488 2716 694 2782 Accusativus
722 2718 965 2802 grammaticum
987 2719 1077 2784 verbi
1097 2719 1179 2784 finiti
1199 2718 1359 2784 obiectum

276 2828 338 2900 est,
374 2821 546 2886 infinitivus
589 2819 758 2884 definiendi
800 2842 894 2886 cauae
926 2821 1058 2889 additur.
1112 2821 1220 2886 Verba
1251 2825 1357 2886 autem

275 2925 418 3012 regentia
432 2928 517 2989 sunt:
540 2921 650 2999 πείθω,
669 2921 791 2999 κελεύω,
807 2921 878 2999 δύω,
895 2920 1064 3004 ἀναγκάζω,
1081 2921 1196 3000 κωλύω,
1212 2921 1356 3001 διδάσκω,

276 3028 478 3107 ἐπαιτιῶμαι,
507 3022 684 3108 προτρέπω,
722 3024 888 3110 περιαρύω,
919 3023 1033 3109 δρκύω,
1062 3023 1198 3105 μέτειμι,
1227 3023 1297 3106 ἔξω,
1326 3027 1357 3088 δν

276 3131 361 3217 αῖτίρ
383 3127 439 3210 ἐβίω
462 3129 533 3194 alia.
578 3128 722 3192 πείθωι
757 3129 781 3208 Ι,
806 3130 846 3194 14
867 3131 922 3209 §2
945 3125 1132 3208 Ἀθηναίους
1149 3128 1358 3210 Θεμιστοκλῆς

277 3232 372 3298 ἴπεισε
396 3233 452 3306 τὰς
473 3235 545 3304 ναῦς
567 3229 771 3312 ποιήσασθαι.
808 3231 832 3311 Ι,
855 3233 895 3297 58
919 3230 985 3317 §2
1024 3231 1048 3310 l,
1073 3230 1218 3317 111ξ1.
1254 3231 1293 3310 II,
1315 3234 1357 3296 29

276 3335 338 3422 §b
372 3331 562 3420 IL33§1.
597 3333 786 3420 ss,59§2.
831 3333 1019 3420 116781.
1060 3333 1123 3417 §Z
1161 3334 1264 3413 Π,80
1293 3333 1356 3420 §la

368 3524 394 3590 1)
417 3521 625 3576 Delbrucck:
668 3521 701 3575 da
733 3519 862 3574 infinitivo
894 3537 1004 3591 graeco,
1032 3519 1102 3574 Dios.
1127 3519 1253 3574 Halcnsis
1281 3521 1355 3576 1863.

277 3607 375 3661 Flcia
384 3608 479 3661 cher:
501 3607 534 3660 do
549 3606 701 3675 primordiis
717 3606 807 3676 graeci
821 3607 968 3662 accusativi
979 3622 1041 3660 cum
1050 3605 1178 3661 infinitivo
1188 3621 1219 3660 ac
1228 3607 1357 3676 peculiari

278 3694 339 3747 eiua
358 3708 411 3746 usu
428 3693 573 3761 homerico,
592 3692 663 3746 Dias.
678 3693 749 3760 lips.
770 3691 844 3746 1870.
883 3692 1060 3746 Albrocht:
1079 3693 1111 3746 dc
1129 3693 1277 3747 accusativi
1294 3709 1355 3754 cum

276 3780 322 3834 inf.
341 3779 475 3834 coniuncti
493 3778 594 3849 origine
612 3781 640 3832 et
656 3794 709 3834 usu
728 3779 874 3845 homerico,
895 3778 965 3834 Diae.
986 3777 1056 3846 Lipa.
1076 3777 1151 3832 1871.

362 3865 389 3934 2)
406 3864 628 3919 Schcemann:
656 3865 717 3934 „Jb.
734 3866 751 3917 f.
765 3863 852 3918 Philr‘
874 3863 948 3933 1869,
967 3881 992 3933 p.
1009 3863 1066 3918 209.

363 3951 389 4020 3)
407 3949 496 4004 Varus
528 3951 700 4006 accusativus
725 3967 787 4004 cum
815 3950 944 4003 infinitivo
967 3950 1103 4004 invenitur
1126 3953 1264 4019 practerea
1286 3950 1356 4018 apud

278 4035 446 4090 Herodotum
472 4035 617 4104 posthaec
641 4037 735 4091 verba:
770 4040 892 4104 μετίημι,
920 4032 1006 4105 ὁρέω,
1030 4033 1138 4104 ἀκούω,
1168 4033 1355 4106 ἀναγινώσκω,

277 4127 402 4192 ἐπαείρω,
429 4120 526 4192 ἐναίρω,
553 4119 651 4192 δρμύω,
678 4121 800 4191 ἑξαρκέω,
826 4128 1037 4192 παρηγαρέαμαι,
1056 4127 1247 4192 παραιτέαμαι,
1264 4125 1355 4191 ματέρ-

275 4227 369 4276 χαμαι,
388 4205 538 4276 ἔλίσσαμαι,
559 4207 675 4271 ἱκετεύω,
695 4207 876 4276 ἐπικαλέαμαι,
896 4206 1061 4278 δπατραίπω,
1079 4208 1169 4277 παύω,
1187 4213 1353 4278 κατακρίνω,

277 4289 405 4364 παιδεύω,
424 4291 630 4362 ἀναμιμνήσκω.
