3108 5006
731 399 768 462 11

211 569 306 651 §st
351 565 575 648 ἐπετάχθη
616 568 697 647 IL?
728 567 796 654 §Z
841 569 903 634 Sed
931 569 969 633 de
993 571 1145 636 hocloco
1168 573 1289 638 difficili

213 672 342 736 uberius
368 671 446 736 mibi
477 672 641 756 agendum.
690 672 818 736 Codices
846 671 1007 736 exhibent:
1049 675 1099 734 καὶ
1125 677 1281 737 Λακεδαι-

210 774 331 852 μονίοις
362 772 419 853 μὲν
456 772 530 856 πρὸς
567 783 633 846 ταῖς
662 771 758 836 αὐτοῦ
789 771 997 856 ὑπαρχούσαις
1025 775 1055 848 ἐξ
1078 774 1211 852 Ἰταλίας
1237 780 1287 840 καὶ

214 877 354 949 Σικελίας
375 885 438 948 τοῖς
461 873 606 937 τάκείνων
630 873 781 956 ἑλομένοις
803 881 875 950 ναῦς
895 875 1111 958 ἐπετάχθησαν
1129 885 1286 942 ποιεῖσθαι

211 977 291 1040 κατά
322 977 455 1059 μέγεθος
478 983 539 1038 τιῦν
565 977 681 1040 πόλεσιν
705 1027 711 1042 .
739 1029 745 1040 .
771 1029 777 1040 .
803 1029 809 1041 .
844 981 892 1042 καὶ
924 977 1066 1064 ἀργύριον
1088 981 1181 1065 ῥητὸν
1206 979 1288 1045 ἑτοι-

215 1079 340 1161 μάζειν,
362 1079 402 1142 τά
424 1077 448 1140 τ’
484 1078 561 1142 άλλα
584 1078 791 1162 ἡσυχάζοντας
813 1089 845 1148 et
865 1107 945 1167 quae
968 1107 1052 1168 sequ.
1095 1085 1182 1151 Haec
1205 1087 1289 1152 codi-

215 1207 286 1250 cum
315 1185 471 1268 scriptura
498 1185 626 1248 omnino
661 1186 804 1271 intellegi
834 1187 951 1269 nequit.
1000 1186 1084 1252 Nam
1114 1189 1289 1272 quominus,

212 1291 249 1351 nt
263 1287 445 1372 Kruegerus
469 1287 545 1364 vult,
570 1287 647 1350 socii
670 1290 845 1354 subiectum
860 1291 899 1354 ad
922 1290 1053 1355 verbum
1074 1289 1290 1372 ἐπετάχθησαν

213 1389 453 1474 intellegantur,
481 1389 653 1472 prohibent
674 1396 705 1455 et
729 1393 852 1456 dativus
875 1401 939 1465 τοῖς
961 1389 1106 1454 τάκείνσιν
1128 1389 1289 1474 ἑλομένοις,

212 1492 266 1576 qui
286 1492 374 1556 nullo
390 1493 484 1556 modo
510 1492 550 1555 ab
567 1487 774 1575 ὑπαρχούσαις
789 1497 925 1578 pendere
939 1500 1053 1580 potest,
1075 1501 1106 1562 et
1121 1498 1289 1562 accusativi

213 1591 421 1674 ἡσυχάζοντας
443 1595 492 1655 καὶ
516 1595 692 1674 δεχομένους
714 1602 787 1682 post
804 1599 1038 1663 antecedentem
1053 1600 1289 1666 nominativum.

212 1696 274 1761 Sed
289 1719 359 1761 cum
375 1698 509 1762 editores
526 1699 566 1762 cb
584 1722 627 1777 ea,
650 1723 730 1783 quae
746 1702 942 1775 antecedunt,
966 1702 1085 1786 aliquid
1100 1724 1288 1768 commemo-

212 1804 316 1864 ratum
331 1799 496 1879 voluerint,
512 1801 596 1886 quod
610 1801 847 1867 Lacedaemonii
862 1803 909 1881 iis,
930 1805 984 1888 qui
999 1809 1124 1889 praeter
1138 1805 1288 1888 pristinos

212 1903 314 1966 socios
330 1903 472 1986 partibus
485 1905 625 1988 ipsorum
641 1927 673 1968 se
689 1907 911 1984 adiunxissent
934 1907 1165 1991 imperaverint,
1181 1931 1288 1972 omnes

213 2006 399 2069 emendandi
427 2007 564 2071 rationes
588 2007 620 2070 id
643 2014 789 2092 egerunt,
820 2015 856 2073 ut
878 2018 942 2082 τοῖς
963 2008 1108 2072 τάκείνων
1135 2007 1289 2090 ἑλομένοις

214 2109 355 2194 logicum
377 2110 466 2173 fieret
489 2110 712 2174 enuntiationis
735 2112 916 2176 subiectum.

300 2209 457 2288 Quattuor
471 2213 571 2298 igitur
585 2213 723 2277 rationes
739 2219 811 2277 sunt
825 2215 923 2279 initae
938 2216 977 2278 ad
993 2216 1096 2278 locum
1108 2215 1288 2279 sanandum.

301 2315 472 2380 Boehmius
504 2316 613 2380 scribit
643 2314 888 2394 Λακεδαιμόνιοι
919 2315 1079 2394 ἐπέταξαν,
1118 2316 1288 2402 Cobetus1)

216 2416 448 2497 ἐπετετάχεσαν,
479 2442 541 2502 qua
570 2418 744 2482 mutatione
766 2419 850 2484 facta
875 2420 981 2484 omnia
1003 2425 1086 2485 recte
1107 2422 1288 2504 procedunt.

214 2519 277 2584 Sed
300 2521 464 2586 Classenus
486 2525 570 2585 recte
592 2525 713 2598 monet,
744 2544 807 2585 non
828 2522 971 2608 intellegi
993 2546 1101 2606 posse,
1130 2525 1288 2608 quomodo

213 2622 323 2686 vitium
353 2623 394 2687 sit
423 2628 535 2687 ortum.
579 2623 726 2687 Reiskius
756 2624 824 2688 vult
846 2648 904 2708 pro
928 2622 1080 2705 ἑλομένοις
1102 2627 1237 2691 scribere
1261 2625 1289 2687 οἳ

212 2721 361 2805 ἑλόμενοι,
395 2726 445 2790 cui
474 2727 641 2790 mutationi
667 2732 847 2810 repugnant
870 2728 1038 2792 accusativi
1064 2725 1289 2810 ἡσυχάζοντας-

214 2826 400 2908 δἐχομένοος.

306 2929 472 2996 Ολαεεοοαο
506 2935 537 2995 et
569 2929 711 2994 Stahlius
745 2931 885 2996 scribunt
917 2955 979 3018 pro·
1010 2933 1187 2997 accusativo
1218 2937 1290 3006 ναῦς

215 3034 444 3099 nominativum
457 3037 538 3114 νῆες;
560 3035 604 3097 sic
616 3056 723 3098 omnes
736 3034 937 3098 difficultates
949 3035 1101 3119 expediri3
1116 3035 1290 3100 subiectum

213 3137 301 3200 verbi
332 3135 549 3217 ἐπετάχθησαν
577 3160 644 3201 csse
675 3140 743 3218 νῆες
774 3142 868 3222 atque
898 3133 1042 3222 ἀργύριον
1065 3142 1096 3202 et
1117 3139 1290 3202 infinitivos

213 3243 369 3301 ποιεῖσθαι
400 3246 493 3325 atque
523 3237 691 3320 ἑτοιμάζειν
720 3239 889 3304 definiendi
911 3263 1005 3305 causa
1028 3240 1209 3323 accedere.²)
1253 3240 1290 3304 ln

213 3343 295 3407 hanc
317 3344 525 3409 mutationem
548 3347 611 3410 iam
634 3343 745 3426 Poppo
768 3343 892 3420 incidit,
923 3344 977 3426 qui
996 3344 1123 3426 quidem
1147 3346 1290 3409 adnotat:

218 3451 347 3529 „posset
370 3446 495 3528 quidem
519 3449 614 3512 etiam
634 3449 757 3510 servato
779 3443 996 3524 ἐπετάχθησαν
1019 3446 1114 3510 scribi
1137 3451 1212 3526 νῆες,
1236 3449 1290 3511 sed

214 3549 315 3613 multo
339 3549 537 3614 verisimilius
555 3555 610 3628 est,
631 3571 703 3612 eum
726 3553 798 3620 ναῦς
821 3572 839 3611 a
860 3548 998 3612 librariis
1021 3572 1059 3612 ex
1081 3571 1155 3614 suae
1179 3551 1289 3614 aetatis

214 3675 356 3717 sermone
386 3675 444 3735 pro
475 3653 667 3717 nominativo
700 3651 845 3715 habitum
875 3657 972 3728 esset,
1005 3649 1162 3730 ἐπετάχθη
1192 3652 1290 3735 (quod

214 3779 293 3820 unus
326 3756 423 3819 codex
454 3754 599 3838 exbibet)
637 3755 670 3818 in
699 3752 915 3834 ἐπετάχθησαν
945 3758 1099 3818 mutatum
1134 3779 1228 3839 quam
1257 3755 1290 3818 in

214 3857 407 3942 Thucydidis
437 3858 526 3921 libris
556 3857 702 3942 frequens
726 3861 793 3937 νῆες
815 3857 876 3920 hoc
905 3879 967 3920 uno
990 3857 1059 3921 loco
1084 3859 1289 3942 depravatum

299 4112 319 4180 ¹)
338 4113 505 4166 Cobetus:
532 4127 618 4165 novae
636 4109 763 4164 lectiones
781 4125 806 4176 p.
825 4110 883 4164 599.

298 4197 393 4266 ἢναῦι
403 4215 465 4252 cum
475 4203 532 4264 νῆες
542 4211 668 4266 persaepe
679 4211 737 4248 esse
748 4199 890 4263 mutatum,
902 4196 986 4263 dccet,
997 4198 1028 4248 ut
1038 4198 1128 4250 monet
1137 4195 1288 4264 Classenus

212 4284 361 4344 Lobeckius
380 4285 414 4338 ad
432 4283 619 4352 Phrynichum
636 4301 661 4352 p.
682 4282 739 4338 170.
