3108 5006
748 418 768 485 3

225 593 308 676 prio,
335 617 397 677 quo
420 615 611 678 magnopere
641 592 689 656 vis
718 589 893 676 augetur,¹)
915 589 953 670 V,
976 593 996 655 9
1017 591 1070 676 §7
1092 591 1125 656 in
1155 589 1297 658 oratione

226 694 391 772 Brasidae:
414 697 442 756 oi
466 694 506 771 δέ,
530 694 695 778 Κλεαρίδα,
717 742 724 755 .
748 743 754 756 .
777 742 784 755 .
808 695 947 756 ἐπεκθεῖν
968 695 1018 755 καὶ
1039 694 1233 775 ε’πείγεσθαιμ

310 815 413 879 Aliter
434 818 632 898 comparatus
653 819 700 879 est
721 815 825 893 loeus,
852 815 907 878 ubi
929 815 1102 879 infinitivus
1122 837 1181 898 pro
1204 815 1298 880 tertia

225 919 404 1003 imperativi
432 917 601 1002 singularis
630 939 765 1000 persona
788 921 972 1002 usurpatum
997 918 1116 1002 legitur
1139 918 1222 982 enim
1244 917 1297 997 VI,

226 1022 267 1086 34
296 1021 369 1104 ξόι
398 1021 546 1082 πείθεσθε
576 1007 638 1094 οὖν,
667 1017 804 1098 μάλιστα
823 1019 880 1099 μὲν
901 1023 1001 1080 ταῦτα
1021 1017 1243 1100 τολμήσαντες,
1272 1021 1299 1082 εἷ

226 1123 257 1184 δὲ
286 1120 340 1203 μή,
371 1119 416 1183 ὅτι
447 1120 577 1202 τάχιστα
607 1110 704 1183 τᾶλλα
738 1122 767 1196 ἒς
797 1121 851 1184 τὸν
880 1120 1011 1202 πόλεμον
1039 1119 1215 1203 ἑτοιμάζειν,
1246 1126 1297 1185 καὶ

227 1229 421 1308 παραστῆναι
455 1224 549 1285 παντί
586 1228 618 1288 et
650 1249 730 1309 quae
763 1231 942 1310 sequuntur.
996 1226 1161 1292 Classenns
1192 1233 1223 1292 et
1251 1229 1298 1292 in-

225 1329 380 1393 finitivum
409 1323 578 1406 ἑτοιμάζειν
608 1334 639 1393 et
669 1333 865 1412 παραστῆναι
895 1351 911 1393 e
943 1329 1083 1414 generati
1103 1331 1232 1396 notione
1255 1333 1303 1394 δεῖ

227 1454 265 1495 ex
294 1433 495 1496 antecedente
525 1431 674 1493 πείθεσθε
707 1433 896 1497 desumenda
924 1431 1058 1516 pendere
1088 1433 1167 1512 vult,
1204 1439 1297 1518 atque

226 1534 289 1598 vim
304 1533 482 1618 imperativi
497 1534 536 1596 ab
552 1534 706 1599 infinitivo
725 1539 919 1619 παραστῆναι
935 1535 1100 1600 abiudioat
1140 1535 1298 1620 Equidem

226 1658 297 1700 oum
328 1637 486 1720 plerisque
514 1637 686 1702 editoribus
714 1639 902 1708 infinitivum
926 1659 983 1721 pro
1006 1637 1192 1720 imperativo
1215 1641 1298 1723 posi·

226 1743 295 1802 tum
324 1762 391 1803 esse
419 1743 513 1822 puto:
543 1763 617 1804 nam
638 1735 806 1818 ἑτοιμάζειν
829 1740 924 1805 etiam
947 1763 966 1804 a
987 1739 1135 1804 πείθεσθε
1163 1742 1298 1824 pendere
1405 1747 1411 1760 '

226 1845 347 1926 postest
375 1840 487 1923 (,lasst
509 1841 599 1906 Euoh
630 1843 817 1921 iiberreden,
848 1843 949 1907 bereit
971 1867 1009 1906 nu
1030 1843 1182 1926 halten“),
1214 1846 1298 1928 quod

228 1944 265 2008 de
277 1943 432 2008 infinitivo
447 1947 643 2025 παραστῆναι
666 1945 727 2010 diei
747 1968 810 2009 nou
832 1949 944 2028 potest.
989 1946 1134 2010 Ceterum
1156 1947 1236 2010 conf.
1260 1947 1298 2011 de

229 2047 288 2110 hoo
310 2069 369 2111 usu
391 2047 538 2110 infinitivi
560 2047 687 2131 Kitiger
708 2047 848 2130 Spraohl.
871 2047 886 2112 I
909 2049 959 2127 55,
983 2050 1010 2126 l,
1034 2050 1061 2111 5.

312 2165 455 2250 Denique
476 2166 593 2250 legitur
616 2166 643 2245 I,
664 2168 704 2230 35
727 2165 746 2250 ξ
762 2168 796 2230 5:
824 2168 874 2227 καὶ
898 2171 1041 2249 ναυτικῆς
1062 2213 1222 2230 ······
1245 2165 1299 2248 θῦχ
1396 2168 1397 2172 ¹

230 2264 322 2347 ὁμοία
347 2264 365 2348 ἡ
388 2265 600 2352 ἀλλοτρίωσις,
637 2267 715 2330 ἀλλὰ
736 2267 873 2348 μάλιστα
900 2267 972 2349 μέν,
1000 2271 1026 2331 εἷ
1054 2267 1206 2347 δύνασθε,
1235 2295 1299 2350 μη-

229 2369 300 2432 δένα
321 2369 414 2432 ἄλλον
437 2372 489 2432 ἐᾶν
510 2375 680 2452 κεκτῆσθαι
705 2375 786 2447 ναῦς,
809 2373 835 2434 εἷ
857 2371 889 2432 δὲ
909 2369 971 2453 μή,
995 2368 1079 2445 ὅστις
1101 2368 1299 2454 ἐχυρώτατος,

229 2477 339 2536 τοῦτον
368 2477 457 2558 φίλον
485 2472 567 2554 ὲῆειν.
614 2475 778 2540 Classenus
806 2475 881 2540 dicit
911 2497 993 2554 „nur
1014 2475 1058 2540 im
1081 2475 1300 2560 Aligemeinen

229 2579 324 2643 wirkt
350 2603 406 2643 aus
436 2576 653 2657 ἀπσδείκνυμεν
683 2579 738 2642 der
759 2577 898 2642 Einfluss
927 2577 1011 2643 eines
1035 2577 1217 2642 husdmoks
1246 2579 1301 2642 der

230 2681 438 2766 Ermahnung
460 2684 525 2748 und
547 2683 729 2766 Belehrung
750 2681 847 2759 fort,“
877 2680 1041 2765 Kriigerus
1064 2680 1120 2760 „in
1143 2681 1214 2746 dem
1236 2679 1301 2760 μά-

229 2787 318 2844 λιστα
351 2783 408 2863 μὲν
439 2786 518 2872 liegt
551 2788 602 2851 ein
631 2780 794 2868 κράτιστόν
823 2783 931 2844 ἐστιν.“
982 2783 1063 2846 Mihi
1093 2788 1199 2848 autem
1228 2807 1301 2868 pro·

168 2936 170 2941 ,
228 2886 365 2950 habilior
396 2887 518 2953 videtur
552 2887 698 2954 Boehmii
736 2885 858 2969 opini0,
899 2886 958 2950 hoe
992 2877 1118 2970 quoque
1149 2886 1220 2951 loeo
1253 2887 1300 2951 in-

229 2988 384 3053 finitivum
407 2991 470 3056 vim
493 2989 672 3076 imperativi
694 2987 914 3070 assumpsisse,
943 2989 1126 3072 praesertim
1157 3010 1227 3052 oum
1254 2990 1301 3053 in-

229 3092 368 3156 finitivus
389 3092 513 3178 legatur
533 3093 566 3158 in
587 3092 801 3157 enuntiatione
815 3091 1027 3174 hypothetica,
1048 3091 1104 3156 ubi
1118 3091 1300 3156 Herodotus

230 3218 356 3279 quoque
378 3197 461 3260 huno
483 3220 574 3261 usum
597 3195 763 3260 adamavit.

251 3382 278 3470 ξ,
295 3387 322 3448 2.
357 3384 579 3449 Infinitivus
602 3383 705 3448 solus
727 3382 890 3446 subiecti
920 3382 1002 3446 loeo
1026 3386 1083 3446 est
1105 3383 1280 3466 positus*

315 3503 385 3568 Hac
406 3504 527 3568 ratione
547 3503 736 3580 infinitivus,
758 3502 846 3566 ouius
868 3502 958 3586 origo
979 3501 1043 3566 iarn
1066 3501 1208 3580 oblituit,
1230 3523 1302 3566 raro

232 3629 251 3669 a
273 3605 455 3690 Thucydide
478 3607 659 3684 adhibetur,
690 3605 744 3690 qui
770 3605 954 3689 plerumque
977 3603 1144 3668 articulum
1173 3603 1267 3668 addit.
1278 3604 1302 3686 2)

232 3709 302 3774 Duo
326 3709 409 3774 enim
431 3715 554 3774 exstant
576 3709 733 3794 exempla:

318 3948 343 4015 1)
369 3946 439 4012 Quid
469 3946 505 4000 sit
528 3946 688 4000 discriminis
719 3946 787 3999 inter
818 3945 1024 4015 significationes
1049 3941 1173 3996 infinitivi
1202 3943 1229 3994 et
1252 3941 1302 3993 im-

232 4032 358 4101 perativi,
388 4033 504 4100 explieat
527 4033 692 4086 Delbrueok:
724 4033 755 4084 de
786 4031 916 4086 infinitivo
942 4031 1055 4096 Graeco,
1083 4027 1154 4082 Diss.
1178 4026 1303 4080 Halensis

234 4117 312 4179 1863,
331 4135 355 4185 p.
376 4118 415 4170 19.

319 4221 345 4288 2)
364 4220 473 4274 Confer:
493 4221 585 4274 stix:
604 4221 695 4290 „Zum
711 4219 852 4274 Gabrauoh
870 4221 917 4273 dar
936 4217 1066 4272 infinitivs
1083 4215 1133 4268 mit
1142 4212 1245 4266 Anukel
1262 4213 1305 4266 bei

234 4305 439 4375 Demosthenes,
458 4306 583 4361 Rottweil
601 4307 692 4361 1881.‘·
1118 4384 1153 4439 l*
