3114 5002
806 409 847 472 82

290 603 357 644 rem
388 580 559 664 significat,
589 602 669 663 quae
696 600 767 642 cum
798 579 937 644 subiecto
961 581 1166 664 comparativi
1195 581 1366 659 confertur,

291 684 496 768 quamobrem
539 704 603 746 non
643 681 829 746 mirabimur
868 681 1081 767 Thucydidem
1124 685 1187 748 duo
1221 685 1366 748 membra

292 808 387 870 quam
409 785 568 850 simillime
589 785 809 850 conformasse.
854 784 1032 849 Invenimus
1055 785 1109 864 IV,
1131 789 1172 851 66
1194 789 1248 867 §3
1275 787 1366 865 νομί-

290 887 390 961 ζοντες
405 885 523 949 ἐλάσσω
539 887 625 970 σφίσι
648 885 703 948 τὸν
717 887 854 949 κίνδυνον
876 884 897 968 ή
913 887 984 961 τοὺς
998 885 1180 962 ἐκπεσόντας
1200 886 1259 951 ὑπὸ
1276 892 1367 972 σφαῖν

290 995 451 1052 κατελθεῖν
479 993 549 1074 (pro
579 987 598 1070 ή
628 991 655 1051 εί
682 988 711 1052 oi
739 988 912 1063 ἐκπεσόντες
940 989 1141 1072 κατέλθοιεν).
1182 992 1222 1071 V,
1244 994 1285 1057 53
1308 994 1364 1072 §l

288 1092 480 1177 βραχυτέραν
494 1091 621 1154 ἔσεσθαι
644 1092 702 1174 τήν
716 1091 870 1173 βοήθειαν
893 1091 913 1174 ἢ
936 1092 1105 1156 Σκύλλαιον
1127 1100 1279 1178 περιπλεῖν
1299 1103 1368 1168 τοῖς

287 1193 468 1276 Ἀθηναίοις
490 1193 523 1278 (ή
543 1197 570 1257 εἰ
592 1194 797 1278 περιπλίοιεν).

375 1301 450 1365 Alia
470 1305 518 1365 est
540 1301 622 1364 ratio
644 1299 699 1377 VI,
723 1301 764 1364 60
787 1301 858 1379 33:
887 1299 1088 1382 βεβαιοτέραν
1114 1297 1172 1382 γὰρ
1195 1297 1279 1384 αὐτῷ
1300 1321 1367 1360 σοι-

291 1403 399 1485 τηρίαν
422 1397 496 1464 εἶναι
515 1400 739 1484 ὁμολογήσαντι
762 1403 827 1482 μετ’
850 1399 952 1475 ἀδείας
974 1399 994 1482 ή
1016 1399 1181 1486 ἀρνηθὲντι
1205 1401 1256 1463 διὰ
1279 1403 1368 1482 δίκης

293 1505 405 1568 ἐλθεῖν.
461 1505 539 1570 Cum
577 1502 799 1586 ὁμολογήσαντι
836 1507 1024 1588 respondeat
1058 1502 1233 1586 ἀρνηθίντι,
1269 1507 1368 1569 etiam

292 1609 445 1674 attributa
466 1609 531 1688 μετ’
555 1605 740 1681 ἀδείας-διὰ
763 1608 846 1687 δίκης
868 1609 970 1670 ἐλθεῖν
996 1609 1078 1672 inter
1100 1629 1132 1672 se
1155 1608 1369 1690 respondeant

291 1734 418 1777 necesse
451 1717 505 1776 est.
557 1710 659 1786 Quare
688 1713 814 1796 proprie
844 1711 894 1774 ιλιοὶ
926 1712 1011 1791 δίκης
1038 1708 1162 1774 ἐλθόντι
1187 1710 1369 1794 Thucydidi

295 1819 362 1880 erat
390 1815 597 1880 scribendum.
648 1815 730 1879 Puto
759 1815 943 1898 scriptorem
965 1815 1117 1878 hocloco
1147 1835 1217 1878 eam
1238 1813 1368 1896 potissi-

290 1941 377 1982 mum
407 1919 448 1982 ob
477 1941 544 1982 rem
570 1918 724 1982 infinitivo
754 1917 856 1980 ἐλθεῖν
879 1941 945 1982 esse
966 1940 1073 1995 usum,
1103 1917 1187 2001 quod
1208 1915 1367 1980 infinitivo

294 2022 468 2086 enuntiatio
488 2021 611 2105 plenius
630 2022 747 2086 finitur.

338 2217 341 2224 ,
445 2159 528 2236 ἕ57.
572 2153 1178 2238 Verbumvnoioystvabundat
1189 2159 1211 2242 1)

379 2277 429 2341 Ex
452 2275 642 2342 Graecorum
663 2301 750 2342 more
773 2283 832 2356 est,
855 2279 1035 2342 utverbum
1051 2279 1206 2364 generalis
1226 2277 1367 2342 notionis

292 2379 446 2464 pleonast
438 2404 485 2445 rce
508 2379 547 2443 ad
569 2381 701 2444 verbum
716 2381 838 2444 transit
829 2404 915 2445 1vum
937 2403 1008 2445 cum
1025 2382 1127 2446 obiect
1114 2386 1147 2446 to
1163 2381 1366 2446 coniunctum

292 2481 438 2546 accedere
460 2484 568 2565 possit,
590 2484 678 2548 cuius
700 2484 747 2547 rei
769 2507 866 2548 unum
882 2483 1033 2548 habemus
1050 2483 1227 2568 exemplum
1246 2465 1367 2562 1V‚19

292 2586 347 2664 §l
377 2581 510 2657 διδόντες
536 2584 593 2664 μὲν
622 2583 743 2668 εἰρήνην
771 2587 821 2646 καὶ
851 2585 1024 2666 ξυμμαχίαν
1059 2587 1109 2646 καὶ
1139 2583 1233 2667 ἄλλην
1260 2586 1368 2669 φιλίαν

292 2685 409 2769 πολλήν
432 2689 482 2749 καὶ
506 2687 677 2769 οἰκειότητα
699 2689 728 2762 ἐς
751 2686 901 2768 ἀλλήλους
922 2685 1098 2771 tantoperest

291 2843 381 2922 §·58.
425 2841 672 2908 Infinitivus
695 2844 735 2907 in
757 2843 989 2907 enuntiatis
1011 2841 1364 2926 temporalibus.²)

374 2961 411 3025 In
441 2964 582 3028 oratione
613 2963 742 3047 obliqua
770 2965 843 3045 post
864 2961 1159 3026 coniunctionesm
1159 2963 1283 3028 terdum
1305 2983 1365 3045 pro

290 3066 386 3129 verbo
409 3065 498 3130 finito
520 3066 632 3130 infinit
609 3071 692 3130 trvus
714 3065 872 3130 invenitur
835 3069 943 3142 ur‚ut
964 3064 1008 3144 ΙΙ,
1033 3066 1093 3129 102
1117 3067 1135 3145 ξ
1153 3065 1171 3127 5
1193 3063 1307 3144 λίγειαι
1332 3065 1365 3126 δὲ

291 3191 341 3228 και
333 3165 576 3248 Λλιιμαίωνι
561 3191 608 3230 οτε
624 3167 661 3250 δή
675 3165 814 3229 αλασθαι
829 3189 931 3228 αυτον
962 3165 1129 3247 H‚93§3
1158 3165 1363 3247 VIIL87§4

306 3322 389 3400 §59⁸
433 3321 685 3386 Infinitivus
710 3321 750 3386 in
772 3321 1005 3386 enuntiatis
1028 3321 1349 3404 hypotheticis*.

375 3441 483 3508 Etiam
510 3441 543 3506 in
574 3440 743 3505 enuntiatis
767 3441 993 3524 hypotheticis,
1024 3463 1105 3524 quae
1128 3441 1263 3506 orationi
1283 3441 1365 3506 obli·

292 3565 372 3626 quae
400 3545 537 3610 insertae
563 3549 651 3621 sunt,
622 3543 850 3608 tinfinitivus
879 3566 936 3668 pro
958 3543 1054 3608 verbo
1074 3543 1164 3608 finito
1187 3548 1365 3628 usurpatur,

290 3647 409 3726 ut‚IV
432 3649 472 3711 98
496 3648 550 3727 §4
582 3671 631 3708 και
665 3643 769 3723 αυτοί,
800 3646 826 3706 εἰ
800 3669 902 3724 εμεν
924 3646 970 3706 ἐπὶ
994 3644 1084 3706 πλέον
1112 3646 1302 3726 δυνηθῆναι,
1334 3653 1366 3712 et

295 3771 376 3832 quae
399 3773 484 3834 sequ
563 3829 566 3834 Ι

379 3953 403 4020 1)
422 3952 448 4005 Is
466 3951 594 4005 Herodoti
619 3968 698 4019 usus,
725 3955 756 4006 ut
780 3952 893 4005 verbum
919 3951 987 4002 εἶναι
1009 3954 1068 4020 post
1090 3952 1174 4006 verba
1198 3948 1365 4022 διαιασσειν,

292 4041 474 4104 καταστῆναι,
499 4031 641 4104 ἀποδέξαι,
667 4036 791 4100 ἑλέσθαι,
820 4036 1009 4106 ποιήσασθαι,
1040 4037 1266 4107 προςατήσασθαι
1290 4038 1364 4106 pleo-

290 4124 391 4177 nastico
409 4123 444 4176 sit
462 4123 588 4190 additum,
607 4123 678 4191 apud
697 4123 879 4192 Thucydidem
903 4139 956 4176 non
974 4123 1116 4176 inverntur.

378 4207 403 4276 2)
421 4208 510 4263 Semel
539 4211 609 4276 apud
626 4209 792 4262 Herodotum
819 4208 949 4276 (11‚140)
971 4208 1102 4274 particula
1128 4206 1204 4264 ὅπως
1232 4225 1294 4262 cum
1322 4209 1364 4262 in-

291 4293 391 4350 finitivo
409 4295 560 4362 praesentis
578 4295 720 4350 coniuncta
738 4293 955 4362 significationem
972 4293 1054 4346 habet
1070 4294 1230 4349 iterativam.
