3108 5006
776 410 795 472 5

335 576 397 642 Sed
429 575 502 642 huic
532 577 798 660 argumentationi
834 578 997 662 complura
1028 579 1147 662 opponi
1178 584 1318 663 possunt.

247 679 296 744 Ac
310 679 448 764 primum
470 677 609 762 quidem:
633 679 799 744 articulum
819 701 883 744 non
901 702 968 744 esse
982 681 1191 746 necessarium
1206 683 1319 747 docent

248 782 403 847 formulae
437 777 513 842 ἕκών
549 776 624 842 εἶναι
661 781 859 864 maximeque
888 781 968 844 κατὰ
1006 787 1097 846 τοῦτο
1125 779 1200 846 εἶναι
1231 783 1319 850 Plat:

249 884 376 969 Protag.
400 885 496 949 3171.
541 884 661 948 Deinde
688 905 751 948 non
774 906 854 967 opus
885 890 932 949 est
954 887 1144 952 infinitivum
1165 889 1226 952 hoc
1248 888 1318 952 loco

248 987 458 1071 restringendi
486 987 547 1051 vim
568 987 699 1051 habere:
727 985 789 1050 alia
817 991 899 1052 esset
916 989 1010 1066 ratio,
1044 990 1071 1053 si
1103 986 1144 1063 ὡς
1163 989 1327 1056 infinitivo

249 1095 331 1154 esset
361 1091 510 1154 additum
562 1090 721 1172 Denique,
757 1094 793 1153 ut
822 1089 986 1156 Classenus
1017 1097 1101 1156 recte
1132 1091 1220 1171 dicit,
1258 1092 1320 1153 δεῖν

249 1195 303 1272 (.--
311 1189 391 1270 δέον)
414 1197 487 1276 post
508 1193 626 1254 δίκαιον
648 1215 715 1257 esse
736 1193 955 1278 tautologiam.

333 1294 498 1360 Locativus
520 1300 625 1360 autem
647 1318 710 1360 non
732 1295 835 1360 solum
857 1319 929 1362 eum
950 1299 1055 1362 locum
1078 1297 1243 1383 significat,
1265 1297 1320 1362 ubi

249 1397 368 1481 aliquid
389 1402 444 1476 est,
467 1398 521 1462 sed
544 1399 648 1476 etiam,
671 1421 734 1482 quo
757 1398 832 1482 quid
854 1398 1009 1485 dirigitur,
1029 1400 1075 1464 ita
1095 1404 1132 1464 ut
1148 1399 1320 1464 infinitivus

247 1500 335 1564 finali
355 1523 447 1564 sensu
470 1500 571 1583 possit
592 1501 745 1584 usurpari.
790 1501 859 1566 Hoc
880 1507 1011 1586 apparet
1031 1503 1064 1566 in
1085 1503 1202 1567 talibus
1218 1525 1320 1567 exem-

248 1603 324 1687 pli5‚
353 1602 460 1686 qualia
485 1607 559 1666 sunt
580 1601 615 1663 τὸ
637 1599 756 1680 ’ξύμπαν
778 1604 869 1665 εἰπεῖν
888 1603 919 1683 Ι,
944 1606 1003 1669 138
1027 1604 1097 1687 §33
1125 1601 1162 1666 τό
1183 1627 1214 1666 τε
1244 1601 1320 1684 ξύμ-

249 1729 311 1766 παν
332 1703 520 1783 1111111711,
542 1705 583 1768 49
606 1703 678 1786 §3;
706 1705 736 1778 ἒς
757 1704 793 1767 τὸ
820 1704 942 1789 ἀκριβὲς
964 1707 1056 1768 εἰπεῖν
1074 1705 1134 1786 VI,
1157 1709 1197 1771 82
1220 1706 1319 1790 111)

270 1911 337 1992 §4
380 1909 631 1974 infinitivus
660 1911 878 1975 absolutus
906 1933 992 1974 cum
1019 1907 1067 1982 ὡς
1088 1911 1299 1993 particula

346 2016 384 2076 et
405 2013 720 2095 pronominibus
746 2013 946 2078 relativis
968 2013 1221 2077 coniunctus.

332 2129 434 2196 Multo
468 2133 607 2216 saepius,
639 2153 734 2216 quam
763 2133 849 2196 solus
879 2131 1051 2196 infinitivus
1083 2132 1247 2197 absolutus
1273 2132 1320 2196 in·

248 2235 386 2313 venitur,
414 2257 485 2299 cum
515 2231 556 2307 ὡς
584 2234 738 2318 particula
766 2235 938 2300 infinitivus
965 2235 1174 2320 coniungitur.
1219 2233 1321 2312 Quam

248 2337 415 2402 verborum
437 2338 688 2402 consecutionem
710 2337 806 2400 variis
828 2338 930 2402 modis
953 2337 1151 2422 grammatici
1174 2337 1320 2422 explana·

248 2444 329 2504 runt.
380 2439 474 2504 Multi
502 2441 689 2524 particulam
719 2435 759 2512 ὡς
793 2441 842 2504 his
872 2441 950 2505 locis
986 2441 1050 2504 vim
1078 2441 1205 2504 finalem
1241 2463 1321 2524 quae

248 2549 378 2608 vocatur
400 2543 516 2608 habere
537 2547 669 2622 censent,
690 2543 804 2627 quibus
826 2547 909 2608 recte
933 2544 1115 2608 adversatur
1137 2543 1320 2628 Kruegerus

247 2647 281 2711 in
318 2645 520 2711 adnotatione
555 2645 595 2709 ad
632 2645 818 2729 Dionysium
853 2645 1162 2712 Halicarnassensem
1198 2669 1227 2729 p.
1250 2647 1321 2710 286.

248 2748 293 2815 111
323 2771 390 2814 rem
424 2749 598 2813 accuratius
631 2769 872 2834 cognoscamus,
908 2749 1118 2833 comparanda
1150 2748 1242 2812 nobis
1275 2753 1322 2812 est

248 2851 385 2916 formula
407 2847 449 2924 ὡς
471 2850 562 2912 εἰπεῖν
582 2873 653 2915 cum
666 2851 879 2917 locutionibus
901 2875 995 2935 supra
1018 2851 1123 2916 allatis
1143 2849 1180 2911 τὸ
1202 2847 1322 2929 ξύμπαν

249 2955 340 3016 εἰπεῖν
362 2953 440 3018 aliis.
482 2953 532 3016 Ex
554 2953 603 3017 his
626 2958 773 3037 apparet,
802 2955 991 3018 infinitivum
1014 2955 1116 3018 solum
1138 2953 1170 3018 vi
1191 2975 1320 3037 prorsus

247 3057 334 3122 finali
356 3079 423 3122 esse
443 3055 590 3139 positum.
634 3055 671 3120 ln
692 3061 804 3120 natura
818 3064 924 3120 autem
938 3056 1111 3140 particulae
1134 3052 1175 3128 ὡς
1188 3077 1321 3140 cognos-

248 3161 345 3225 cenda
367 3181 474 3224 veram
495 3158 650 3222 rationem
674 3158 834 3224 Wisenius
847 3159 872 3244 2)
902 3164 1026 3224 secutus
1048 3181 1115 3223 esse
1137 3157 1215 3222 mihi
1236 3157 1321 3222 vide-

248 3269 307 3328 tur.
360 3261 610 3345 comparativam
646 3261 729 3325 enim
756 3262 818 3326 vim
847 3261 1020 3346 particulae
1049 3261 1162 3325 tribuit
1190 3282 1322 3344 eamque

248 3366 332 3430 idem
347 3365 525 3450 significare
542 3363 624 3441 dicit
647 3365 732 3447 quod
755 3361 796 3438 ὡς
818 3366 901 3449 apud
918 3363 1100 3430 numeralia.
1144 3361 1322 3441 „Dixerunt

251 3465 291 3541 ὡς
312 3468 413 3543 εἰπεῖν,
435 3489 505 3531 cum
528 3488 603 3530 vero
625 3467 752 3532 nomine
774 3491 837 3533 non
859 3468 1046 3533 videbantur
1067 3487 1158 3549 posse
1180 3487 1247 3530 rem
1270 3487 1321 3529 ex·

248 3571 395 3656 primere‚
424 3575 492 3634 tum
514 3590 589 3633 vero
610 3570 788 3652 proximum
811 3571 861 3634 vel
884 3570 968 3654 quod
990 3569 1056 3633 veri
1075 3568 1215 3652 aliquam
1236 3567 1323 3632 simi-

248 3673 413 3738 litudinem
443 3673 639 3756 proferebat,
680 3673 868 3751 adhibuere,
901 3671 1009 3736 addito
1042 3670 1098 3734 illo
1131 3667 1171 3743 ὡς
1203 3671 1322 3731 11πεῖνέ

250 3777 307 3842 eui
336 3775 509 3840 sententiae
536 3775 743 3861 suffragatur,
774 3775 858 3859 quod
879 3775 987 3839 multis
1015 3773 1093 3838 locis
1122 3773 1260 3838 formula
1282 3769 1323 3846 ὡς

336 3946 361 4013 1)
379 3945 495 3999 Exstant
523 3946 661 4012 praetcrea
693 3945 763 4012 apud
788 3944 953 3998 Herodotum
978 3941 1124 3997 locutiones
1156 3942 1220 3996 hae:
1251 3939 1321 4010 λόγῳ

248 4033 332 4084 εἰπεῖν
348 4031 389 4099 Π,
407 4031 454 4084 21;
474 4027 506 4081 οὐ
525 4027 616 4096 πολλῷ
635 4029 706 4100 λόγῳ
726 4031 810 4082 εἰπεῖν
826 4030 849 4098 I,
867 4030 914 4084 61:
934 4031 964 4080 ἓν
981 4027 1049 4096 πρὸς
1068 4023 1272 4096 ἓνσυμβάλλειν
1288 4026 1321 4092 V,

249 4119 296 4174 50:
314 4117 347 4170 τὸ
367 4113 396 4169 δὲ
414 4115 528 4183 σύμπαν
546 4115 614 4166 εἶναι
631 4115 698 4184 VH,
719 4116 782 4169 143:
801 4115 853 4180 τὴν
870 4113 983 4184 πρώτην
1001 4113 1080 4167 ulvas:
1103 4114 1130 4182 I,
1150 4114 1207 4168 153.

334 4203 360 4272 2)
378 4202 430 4256 Th.
449 4201 639 4256 Wisenius:
660 4203 692 4254 de
710 4202 738 4255 vi
750 4203 777 4254 et
786 4217 839 4255 usu
849 4200 995 4268 paniculae
1006 4196 1041 4255 ὡς
1052 4199 1122 4268 apud
1131 4197 1322 4266 Thucydidem,

249 4291 319 4346 Iliss.
340 4287 490 4346 Lundensis
511 4285 584 4342 1862.
