3114 5002
713 367 753 431 67

196 540 214 618 ἓ
230 540 264 601 2:
287 535 323 598 οὐ
344 534 448 615 μέντοι
467 540 615 598 τοσοῦτον
630 533 756 617 ἤλπιζον
771 540 885 598 παθεῖν
900 532 938 596 ἂν
953 533 1048 598 αὐτὸν
1071 542 1172 615 τοῦτο,
1196 535 1269 600 ὅσον

195 639 345 720 διαβολὴν
373 637 463 701 οἴσειν
487 638 571 722 αὐτῷ
593 638 668 721 πρὸς
697 637 754 718 τὴν
780 636 877 699 πόλιν.
921 637 1086 704 Classenus
1107 645 1191 705 recte
1215 643 1268 705 ad·

194 747 298 820 notat,
321 748 451 826 propter
464 766 555 808 usum
570 743 658 807 verbi
673 739 773 824 φέρειν
795 743 834 806 ad
857 739 949 803 οἴσειν
964 747 1068 807 mente
1090 742 1125 804 τὸ
1142 748 1269 827 πρᾶγμα

195 845 246 910 vel
274 845 376 909 simile
404 846 480 929 quid
502 869 569 910 esse
591 845 776 909 addendum.
819 844 940 909 Deinde
962 848 1087 931 exstant
1107 847 1183 924 loci,
1213 846 1270 910 ubi

196 946 325 1021 ἐλπίζειν
352 969 423 1011 cum
444 948 599 1012 infinitivo
622 947 795 1030 praesentis
819 943 871 1012 ¹eat
891 947 1100 1012 coniunctum.
1144 947 1213 1026 Quo
1236 949 1268 1012 in

195 1073 255 1114 usu
275 1051 406 1114 verbum
429 1055 484 1114 aut
505 1050 637 1134 putandi
658 1050 918 1135 significationem
942 1050 1054 1127 habet,
1077 1088 1118 1096 —
1141 1052 1161 1114 i.
1184 1074 1208 1116 e.
1232 1073 1271 1115 ex

195 1154 293 1218 verbo
321 1150 446 1226 ἐλπίζειν
474 1155 604 1218 verbum
628 1150 758 1230 νομίζειν
781 1157 829 1216 est
851 1152 1051 1230 sumendum,
1076 1189 1115 1200 —
1140 1158 1194 1218 aut
1222 1153 1270 1217 in·

195 1256 318 1320 finitivo
347 1256 520 1339 proesentis
550 1260 650 1320 status
680 1256 809 1339 quidam
838 1255 870 1318 in
897 1255 1004 1319 futuro
1026 1260 1197 1340 perpetuus
1219 1278 1271 1320 ex·

196 1358 353 1442 primitur.
390 1357 488 1423 Velut
510 1359 548 1438 ll,
571 1359 613 1423 84
633 1359 687 1436 §2
710 1354 813 1438 ἤλπιζε
834 1357 1068 1441 (ξυμπεσεΐσθαι
1083 1357 1159 1440 πρὸς
1174 1355 1271 1438 ἀλλή-

196 1465 268 1533 λους
284 1459 339 1533 τὰς
355 1461 439 1543 ναῦς)
463 1463 512 1522 καί
536 1460 575 1522 τὰ
591 1465 682 1521 πλοῖα
698 1459 834 1543 ταραχὴν
849 1459 988 1544 παρέχειν
1011 1466 1042 1526 et
1061 1459 1116 1539 IV,
1138 1461 1180 1524 24
1201 1461 1221 1539 ξ
1236 1462 1271 1525 41

197 1561 326 1644 ἤλπιζον
355 1562 443 1646 (πεζῇ
475 1587 505 1624 τε
536 1566 585 1624 καί
618 1566 723 1625 ναυσίν
748 1561 976 1647 χειρώσασθαι)
1007 1564 1056 1624 καί
1093 1560 1152 1643 ἤδη
1186 1567 1273 1647 σφῶν

199 1666 308 1748 ἰσχυρὰ
336 1665 375 1727 τὰ
399 1663 566 1748 πράγματα
587 1667 746 1747 γίγνεσθαι
770 1668 839 1752 (inf.
860 1689 960 1751 praes.
990 1689 1064 1730 vom
1085 1666 1273 1730 bleibenden

197 1769 362 1847 Resultat,
396 1774 431 1832 ut
459 1769 625 1836 Olasaenns
654 1770 754 1855 dicit).
807 1771 911 1836 Paene
944 1769 1075 1834 timendi
1105 1791 1197 1833 sensu
1225 1774 1273 1833 eat

197 1877 385 1956 usurpatum
411 1870 489 1950 VII,
513 1874 553 1937 73
575 1875 645 1951 §2:
675 1871 776 1934 πάντα
806 1877 925 1952 μᾶλλον
954 1871 1080 1945 ἐλπίζειν
1116 1868 1155 1930 ἂν
1185 1875 1272 1953 σφῶν

198 1977 367 2037 πείθεσθαι
389 1971 508 2047 αὐτούς.
553 1976 602 2041 De
624 1999 687 2040 uno
710 1977 780 2040 loco
803 1975 947 2039 homines
970 1974 1055 2039 docti
1070 1974 1272 2038 dissentiunt:

197 2079 317 2162 legitur
338 2077 393 2157 IV,
417 2079 456 2141 13
480 2082 549 2159 §lt
580 2078 747 2153 ἐλπίζοντες
777 2078 813 2140 τὸ
842 2077 923 2138 κατὰ
958 2075 1012 2138 τὸν
1038 2075 1145 2155 λιμένα
1178 2083 1274 2155 utroq

197 2178 280 2259 ὕψος
301 2180 358 2260 μέν
380 2178 462 2260 ἔχειν,
485 2178 666 2258 ἀποβάσεως
688 2181 720 2242 δέ
741 2179 878 2260 μάλιστα
901 2177 993 2260 οὔσης
1016 2175 1092 2240 ἑλεῖν
1111 2185 1272 2259 μηχαναΐς.

198 2283 408 2366 Ullriohius1)
439 2305 497 2366 pro
526 2281 600 2363 &aaa
627 2284 827 2368 participium
860 2281 926 2363 ἔχον
956 2282 1081 2358 scribit,
1111 2281 1214 2346 tribus
1235 2282 1274 2346 de

199 2387 318 2451 causis:
340 2385 477 2469 primum
491 2385 706 2471 Thucydidem
729 2392 801 2470 post
814 2387 946 2452 verbum
964 2384 1090 2459 ἐλπίζειν
1113 2407 1274 2469 nunquam

199 2488 372 2573 praesentis
405 2488 594 2554 infinitivum
626 2513 758 2573 ponere,
792 2513 886 2575 quam
917 2488 1103 2554 sententiam
1131 2487 1275 2570 exempla
1375 2539 1390 2562 ,

199 2590 245 2669 Π,
270 2591 311 2655 84
333 2593 396 2670 §2-
447 2590 502 2668 IV,
525 2593 567 2655 24
589 2596 651 2670 ξ4.
701 2592 919 2674 V11‚73§2
949 2592 1096 2656 refutant.
1152 2590 1274 2654 Deinde

201 2693 277 2758 dicit
299 2689 374 2772 ilcan
396 2717 462 2758 esse
484 2694 659 2773 ferendum,
682 2696 709 2759 si
732 2718 769 2760 ex
792 2693 958 2768 ἐλπίζοντες
979 2694 1065 2758 aliud
1088 2693 1217 2758 verbum
1239 2696 1275 2756 ut

201 2794 371 2874 νομίζοντες
396 2797 538 2880 depromi
559 2799 667 2881 possit.
709 2797 780 2862 Hoc
798 2797 869 2862 ideo
892 2796 961 2861 fieri
982 2818 1046 2860 non
1068 2817 1169 2880 posse,
1191 2795 1276 2878 quod

201 2898 453 2964 Lacedaemoniis
483 2900 566 2964 muri
588 2901 722 2964 altitudo
746 2904 814 2964 erat
834 2903 918 2964 nota.
962 2897 1120 2982 Denique,
1150 2897 1178 2960 si
1201 2893 1276 2976 ἔχειν

201 3001 380 3079 scribimus,
414 3009 509 3082 τεῖχος
538 3005 576 3068 ad
607 3001 682 3083 ἐχειν
711 3003 902 3078 subiectum,
936 3001 976 3064 ad
1008 2995 1084 3060 ἑλεῖν
1116 2999 1275 3064 obiectum

202 3110 292 3170 esset.
335 3103 386 3170 Ne
407 3106 486 3169 mihi
505 3107 631 3189 quidem
654 3104 729 3186 ligatu
748 3105 911 3170 ferendum
929 3103 1052 3168 videtur
1075 3125 1150 3166 esse.
1195 3099 1277 3166 Utut

202 3208 286 3273 enim
308 3207 475 3282 ἐλπίζοντες
495 3210 654 3288 verumne,
677 3209 742 3273 sive
758 3207 904 3292 sperandi
926 3207 991 3271 sive
1013 3205 1146 3290 putandi
1167 3205 1273 3281 verbo

203 3311 358 3375 sententia
388 3313 492 3376 evadit
520 3335 682 3396 perversa,
716 3311 801 3395 quod
831 3309 1067 3375 lacedaemonii
1103 3309 1141 3372 de
1171 3327 1276 3370 rerum

203 3417 289 3477 statu
320 3418 409 3478 erant
439 3416 548 3479 edocti.
598 3415 719 3480 Deinde
746 3414 779 3476 in
809 3413 998 3478 substantivi
1026 3419 1122 3491 τεῖχος
1160 3408 1278 3492 duplici

202 3516 355 3580 relatione
383 3517 515 3580 offendo.
568 3517 685 3582 Contra
713 3517 739 3581 ai
762 3515 829 3596 ἔχον
851 3515 1037 3600 εοοὶρίισοε,
1067 3511 1172 3578 omnia
1193 3515 1278 3575 recte

203 3620 394 3702 procedunt:
424 3619 595 3704 „obgleieh
629 3620 678 3684 die
710 3618 821 3683 Mauer
853 3619 937 3682 hoch
963 3639 1045 3694 war,
1080 3615 1200 3679 hofften
1233 3613 1279 3677 sie

205 3722 300 3799 doch,
331 3723 371 3785 da
399 3722 468 3785 hier
490 3721 559 3786 cine
578 3721 732 3807 handung
754 3745 806 3786 am
828 3721 938 3785 beaten
959 3718 1101 3804 mtglich
1122 3739 1203 3794 war,
1234 3715 1279 3779 sie

204 3847 243 3888 zu
267 3824 432 3888 nehmenf‘
483 3823 636 3909 Sperandi
664 3847 789 3890 sensum
820 3827 983 3907 praeterea
1016 3821 1076 3885 hae
1105 3819 1279 3884 locutiones

204 3927 337 3991 habent:
364 3927 507 3987 ἐλπίδα
531 3925 615 4007 ἐχοιι
639 3927 686 4006 ΙΙ,
709 3929 747 3990 21
774 3928 836 4006 §L
880 3924 943 4003 ΠΙ,
966 3925 1006 3989 32
1028 3926 1092 4004 §a
1135 3921 1280 3992 ἐλπίδος

205 4051 239 4090 τι
265 4027 463 4112 παρίχω*.·
494 4028 571 4108 VII,
593 4032 634 4095 48
657 4033 713 4111 §2
737 4028 772 4090 τὸ
796 4027 830 4090 δέ
850 4051 878 4090 τι
902 4026 1013 4089 καὶτὰ
1045 4031 1107 4088 τῶν
1129 4024 1281 4104 πολεμίων

292 4270 318 4337 1)
337 4267 494 4336 „Kritiache
511 4266 658 4337 Beitrtge“
676 4267 704 4336 Ι,
722 4284 746 4334 p.
760 4266 801 4320 25.
1089 4346 1126 4402 5*
