3114 5002
719 395 758 458 81

206 563 391 644 ἀμνημονεῖν
423 561 516 624 ῗκίται
545 561 716 644 γιγνόμεθα
737 559 823 640 ίιμολν
845 563 1011 647 (adquam
1033 588 1199 648 personam
1228 568 1275 631 in·

205 669 343 732 finitivus
366 669 407 731 sit
428 666 624 744 referendus,
647 671 778 750 apparet
800 689 838 730 ex
861 668 1045 750 pronomine
1067 663 1177 750 ὑμῶν.)

290 770 395 834 Facile
428 770 531 834 finalis
567 771 613 834 vis
645 771 678 834 in
706 769 936 834 consecutivam
969 770 1089 834 transit.
1099 771 1122 849 1)
1176 769 1275 836 Notio

207 874 290 938 enim
312 876 441 938 aventus
470 877 501 936 et
527 872 648 936 consilii
670 872 759 936 initio
785 872 818 934 in
844 872 999 936 infinitivo
1022 895 1085 936 non
1113 877 1201 936 erant
1231 874 1276 936 di·

206 977 347 1040 stinctae.
395 975 557 1039 Habemus
586 997 710 1038 sensum
734 975 967 1038 consecutivum
994 974 1022 1052 l,
1047 976 1084 1040 17
1108 977 1166 1055 §1
1196 974 1276 1037 οὕτω

205 1074 402 1158 πανταχόθεν
425 1075 571 1158 ἢἛλλὰς
592 1079 638 1138 ἐπὶ
654 1075 750 1139 πολὺν
765 1074 877 1160 χρόνον
897 1077 1073 1157 κατείχετο*
1094 1075 1172 1158 μήτε
1191 1083 1279 1162 κοινῇ

206 1180 338 1264 φανερὸν
366 1179 462 1260 μηδὲν
490 1177 747 1263 κατεργάζεσθαι,
783 1179 863 1240 κατὰ
894 1178 994 1252 πόλεις
1024 1203 1054 1241 τε
1086 1177 1278 1264 ἀτολμοτίρα

207 1277 282 1344 εἶναι
306 1288 337 1348 et
356 1283 405 1362 ll,
427 1284 466 1348 87
488 1284 543 1363 ξεί
564 1281 713 1364 μνήμην*
736 1283 845 1366 (animi
866 1283 1088 1367 praesentiam)
1108 1281 1162 1355 ἕλξει
1182 1285 1213 1345 ἓν
1235 1290 1280 1369 τογ’

208 1387 298 1477 δεινηλ
317 1387 461 1448 ἐπιτελεῖν
484 1385 505 1447 ά
523 1385 650 1467 ἔμαθεν.

336 1593 420 1671 ξ55.
465 1591 743 1658 Accusativus
765 1613 850 1656 cum
879 1590 948 1653 inf.
972 1593 1153 1656 causae*

294 1712 364 1776 Duo
393 1713 542 1797 leguntur
570 1713 653 1796 apud
681 1709 897 1794 Thucydidem
920 1709 1095 1788 enuntiata,
1124 1711 1179 1775 ubi
1209 1733 1280 1777 cau·
1379 1749 1382 1754 ·

208 1837 261 1880 sae
282 1815 417 1898 alicuius¹
437 1816 483 1879 rei
505 1815 707 1879 relectionis
735 1813 851 1897 duplici
874 1813 968 1875 modo
990 1812 1073 1875 inter
1100 1835 1133 1877 se
1158 1813 1280 1878 diverso

210 1919 434 2002 exprimuntur.
483 1917 574 1980 Prior
611 1918 693 1981 enini
724 1916 919 1980 substantivo
953 1915 1003 1978 vel
1031 1914 1196 1999 participio
1227 1917 1281 1980 ab·

210 2021 323 2104 soluto,
346 2021 445 2084 altera
460 2020 637 2084 accusativo
660 2041 730 2083 cum
749 2018 903 2082 infinitivo
918 2017 1148 2101 pronuntiatur.
1187 2017 1281 2083 Tales

209 2124 381 2188 infinitivos
397 2145 587 2206 quamquam
608 2146 627 2186 a
648 2121 775 2185 notione
797 2121 886 2184 verbi
905 2121 1043 2206 regentis
1058 2121 1193 2204 pendere
1215 2122 1283 2186 sola

211 2227 305 2290 huius
326 2227 373 2290 rei
396 2229 442 2290 est
458 2225 632 2309 explicatio,
655 2229 760 2288 tamen
776 2223 867 2306 quasi
881 2223 1024 2288 absolute
1040 2224 1283 2306 pronuntiantur

213 2335 244 2395 et
272 2330 412 2394 membro
440 2329 639 2413 praecedenti
670 2325 770 2390 additi
791 2325 893 2412 magis
922 2326 972 2391 sui
998 2326 1075 2390 iuris
1097 2326 1184 2390 fiunt.
1228 2327 1283 2406 IV,

210 2435 229 2497 3
252 2431 306 2518 §3
328 2435 373 2516 τῷ
395 2431 426 2493 δὲ
447 2427 596 2515 διάφορόν
617 2455 645 2490 τι
669 2427 762 2490 ἐδόκει
786 2421 860 2489 εἶναι
883 2432 976 2490 τοῦτο
998 2427 1033 2490 τὸ
1044 2428 1158 2511 χωρίον
1180 2426 1283 2513 ἑτέρου

209 2539 342 2614 μᾶλλον,
372 2533 491 2614 λιμίνος
521 2559 551 2596 τε
582 2529 743 2618 προςόντος
774 2532 823 2592 καί
846 2529 917 2604 τοὺς
938 2532 1136 2612 Μεσσηνίους
1160 2535 1285 2606 οἰκείους

211 2635 302 2710 ὄντας
332 2634 417 2720 αὐτῷ
445 2636 480 2698 τὸ
512 2635 638 2720 ἀρχαῖον
663 2635 713 2695 καί
737 2631 917 2718 ὁμοφώνους
939 2641 1002 2707 τοῖς
1023 2635 1285 2715 Λακεδαιμονίοις

209 2742 324 2802 πλεῖστ’
356 2737 394 2800 άν
422 2738 570 2818 βλάπτειν
593 2744 624 2803 et
646 2737 683 2815 V,
707 2739 747 2802 53
771 2738 823 2816 §l
848 2733 942 2797 ἐδόκει
973 2735 1005 2796 δὲ
1035 2741 1079 2819 τῷ
1105 2734 1284 2819 Ἀλκιβιάδῃ

211 2848 400 2927 προςλαβεῖν,
424 2847 480 2924 τῆς
494 2867 524 2905 τε
541 2841 704 2925 Κορίνθου
719 2837 802 2901 ἕνεκα
818 2835 945 2919 ἡσυχίας
967 2840 1016 2899 καί
1040 2839 1071 2900 ἐκ
1088 2843 1143 2920 τῆς
1155 2837 1286 2922 Ἀἰγίνης

209 2945 402 3030 βραχυτέραν
425 2944 552 3008 ἔσεσθαι
575 2943 632 3026 τὴν
653 2940 815 3024 βοήθειαν.

211 3132 296 3213 §56ss
340 3132 589 3198 Infinitivus
611 3131 676 3196 vel
696 3130 961 3195 accusativus
984 3151 1065 3193 oum
1087 3131 1284 3197 infinitivo

482 3259 525 3300 ex
549 3234 845 3319 parallelismo
868 3233 1016 3297 ortua*

297 3354 347 3418 Ex
379 3355 410 3419 vi
439 3355 586 3419 infinitivi
619 3353 769 3418 nominali
805 3354 900 3418 etiam
930 3353 957 3416 is
991 3375 1064 3416 usus
1097 3353 1285 3435 repetendus

211 3457 291 3522 mihi
312 3458 436 3522 videtur
458 3480 533 3536 ease,
554 3463 589 3521 ut
604 3457 803 3541 Thucydides
826 3456 995 3539 aliquando
1017 3454 1207 3519 infinitivum
1228 3478 1285 3539 pro

211 3561 426 3625 enuntiatione
456 3561 639 3624 secundaria
669 3558 874 3623 condicionali
906 3558 956 3621 vel
985 3558 1152 3640 temporali
1182 3565 1288 3642 ponat,

211 3664 238 3727 si
276 3663 431 3727 sententia
472 3663 627 3727 infinitivo
662 3683 808 3746 expressa
836 3661 1018 3724 coordinata
1049 3666 1097 3724 est
1128 3666 1183 3726 aut
1215 3663 1287 3726 sub·

213 3767 350 3830 stantivo
379 3770 433 3830 aut
461 3766 515 3830 alii
544 3765 708 3829 infinitivo.
757 3764 806 3827 Ila
835 3785 868 3826 re
899 3763 1047 3847 analogia
1076 3765 1230 3847 quaedam
1259 3770 1289 3828 et

212 3868 443 3952 parallelismus
466 3869 611 3933 efficitur.
656 3866 801 3932 Ceterum
824 3867 901 3930 haec
927 3867 1056 3952 linguae
1079 3868 1287 3932 conformatio

213 3991 337 4054 semper
358 3976 431 4054 post
453 3970 683 4054 comparativos
704 3969 876 4046 invenitur,
898 3969 1070 4034 infinitivus
1093 3975 1197 4034 autem
1219 3993 1286 4034 eam

301 4211 327 4277 1)
345 4209 394 4261 Vis
413 4209 583 4262 consecutiva
600 4209 724 4262 nfinitivi
744 4209 853 4276 apparet
871 4209 942 4276 apud
960 4207 1125 4262 Herodotum
1143 4207 1203 4273 post
1222 4206 1288 4260 haec

214 4297 310 4352 verba:
330 4292 447 4362 δύναμιν
465 4297 531 4362 ἔχω,
551 4291 771 4362 καταλαμβάνω,
790 4291 921 4362 ὑφάπτειν,
941 4290 1070 4360 ὀχετεάαι,
1089 4290 1220 4361 ζεύγνυμι.

1125 4376 1141 4432 6
