3108 5006
786 402 805 463 6

258 565 349 626 εἰπεῖν
369 566 552 632 notionibus
570 569 784 634 numeralibus
808 575 855 635 est
877 569 993 647 addita,
1015 569 1150 634 maxime
1170 571 1331 636 vocabulis

258 668 1330 755 πᾶς,111Π1,8251.111,3052.1ῙΠ,5854.1111196

258 771 327 853 54.
350 775 383 835 et
404 768 506 847 πολύς,
528 776 564 837 ut
586 772 610 851 l,
635 774 650 836 1
676 773 694 855 5
717 776 745 838 2.
775 773 846 850 VII,
868 775 909 839 58
932 773 951 856 5
974 775 1002 837 3.

343 874 393 939 Ex
414 875 474 939 hac
496 875 668 958 particulae
689 877 721 940 vi
737 877 831 941 etiam
847 877 880 941 id
894 876 1098 959 repetendum
1113 877 1236 942 videtur
1256 899 1331 959 esse,

259 979 344 1060 quod
366 977 539 1042 infinitivus
561 999 633 1042 cum
654 975 696 1052 ὡς
716 979 871 1063 particula
894 978 1077 1042 coniunctus
1092 979 1192 1044 multo
1207 982 1331 1065 saepius

259 1081 416 1145 invenitur
432 1102 527 1164 quam
542 1081 628 1145 solus
643 1081 824 1146 infinitivus.
846 1080 931 1146 Nam
942 1085 978 1144 ut
988 1081 1161 1145 infinitivus
1172 1083 1331 1146 notionem
1366 1129 1370 1135 ·

258 1183 440 1269 generalem
470 1184 605 1247 nominis
636 1184 772 1249 verbalis
801 1184 868 1248 sine
896 1183 962 1246 ulla
992 1183 1144 1249 relatione
1167 1185 1331 1270 significat,

255 1286 304 1351 ita
332 1282 549 1371 particulatio
580 1286 743 1370 aptissima
770 1285 949 1364 videbatur,
978 1309 1058 1370 quae
1084 1288 1165 1351 hanc
1186 1287 1331 1352 infinitivi

257 1389 321 1454 rim
342 1389 376 1453 in
397 1389 482 1453 clara
503 1389 572 1453 luce
594 1389 770 1453 collocaret.
1330 1409 1331 1414 ¹

342 1493 525 1577 Kruegerus
553 1491 574 1555 1.
605 1514 629 1555 c.
666 1491 759 1555 vertit
794 1487 836 1564 ὡς
872 1492 964 1553 εἰπεῖν
1006 1514 1125 1574 ,prope
1159 1491 1331 1555 dixerim“:

257 1595 418 1659 notionem
449 1594 548 1680 igitur
585 1593 790 1678 potentialem
826 1594 899 1659 huic
934 1595 1086 1660 locutioni
1117 1593 1241 1669 tribuit3
1273 1616 1330 1657 nos

257 1697 407 1762 vertimus
442 1697 562 1774 ,damit
591 1696 643 1759 ich
671 1696 829 1780 ungafahr
850 1698 950 1762 demit
972 1699 1026 1762 das
1049 1697 1184 1781 richtige
1205 1697 1331 1774 treffe“,

257 1800 323 1864 vim
337 1800 463 1864 finalem
478 1799 577 1885 igitur
592 1799 766 1864 statuimus.
811 1799 874 1864 Sed
888 1799 984 1878 vides,
999 1801 1084 1884 quod
1099 1801 1139 1864 ad
1154 1801 1332 1864 universum

258 1925 384 1968 sensum
413 1902 538 1981 attinet,
568 1925 632 1966 non
661 1902 796 1965 multum
825 1903 882 1966 has
905 1903 982 1967 duas
1008 1903 1229 1987 explicationes
1251 1902 1333 1966 inter

259 2029 292 2070 se
308 2005 432 2070 distare.
454 2001 494 2078 ὡς
509 2005 601 2066 stacta
616 2005 712 2069 semel
723 2005 841 2090 legitur
855 2007 942 2088 apud.
950 2005 1148 2070 Herodotum
1162 2004 1250 2084 VIII,
1260 2005 1333 2081 115;

258 2107 343 2191 apud
365 2107 581 2191 Thucydidem
604 2111 709 2172 autem
739 2107 790 2171 his
819 2108 913 2173 locis:
947 2107 971 2187 I,
996 2109 1010 2170 1
1036 2108 1053 2190 5
1076 2110 1104 2172 2.
1139 2107 1333 2190 115112,

259 2209 315 2288 HI,
338 2210 379 2274 38
404 2209 422 2291 5
447 2210 474 2275 7.
502 2210 558 2289 III,
580 2212 621 2275 39
644 2210 662 2292 5
686 2211 714 2274 4.
747 2209 803 2288 III,
826 2212 866 2274 82
889 2212 907 2293 5
934 2211 960 2274 1.
989 2209 1043 2288 IV,
1069 2212 1107 2273 14
1131 2211 1192 2292 53.
1222 2209 1276 2287 VI,
1292 2211 1333 2274 30

256 2311 1332 2396 82117293.111588111167521Π15ἕ3.

257 2413 345 2493 VIII,
367 2415 408 2478 96
432 2415 450 2497 5
474 2416 531 2498 41)

344 2517 466 2582 Deinde
489 2517 569 2582 alius
591 2540 666 2582 usus
687 2517 835 2582 infinitivi
857 2539 927 2581 cum
950 2513 991 2590 ὡς
1005 2519 1159 2601 particula
1178 2517 1333 2583 coniuncti

260 2620 427 2699 invenitur,
450 2621 504 2704 qui
526 2622 589 2684 iam
612 2622 695 2704 apud
708 2621 907 2685 Herodotum
922 2625 1031 2685 exstat.
1076 2621 1235 2686 Particula
1250 2621 1333 2686 enim

259 2723 367 2788 addita
410 2723 529 2806 aliquid
578 2724 763 2809 restingitur
813 2728 844 2786 et
885 2723 1095 2808 significatur,
1146 2725 1331 2790 sententiam

261 2825 486 2891 enuntiationis
509 2826 677 2910 primariae
699 2827 869 2892 consistere
892 2849 954 2890 non
978 2847 1078 2910 posse,
1107 2828 1168 2891 nisi
1187 2850 1281 2892 causa
1303 2831 1333 2890 et

263 2929 439 3007 excusatio,
461 2934 498 2993 ut
519 2929 565 2993 ita
587 2929 701 3008 dicam,
732 2953 826 3014 quam
857 2925 898 3002 ὡς
920 2952 991 2994 cum
1013 2930 1166 2995 infinitivo
1188 2931 1335 3005 continet

261 3033 421 3116 accipitur.
465 3030 524 3096 His
557 3055 683 3116 quoque
708 3033 785 3097 locis
808 3033 993 3116 particulam
1016 3034 1079 3098 vim
1102 3034 1228 3117 proprie
1251 3055 1333 3098 com-

259 3135 436 3221 parativam
458 3134 575 3199 habere
597 3135 669 3199 inde
693 3139 832 3219 apparet,
855 3136 940 3217 quod
962 3136 1329 3221 1111111111111111111,,1111

257 3238 412 3324 particula
440 3237 655 3320 comparativa
685 3242 863 3320 usurpatur.
907 3237 980 3301 Duo
1002 3238 1155 3303 habemus
1178 3240 1334 3323 exempla3

256 3341 280 3420 I,
303 3342 343 3405 21
367 3340 386 3426 5
411 3341 427 3403 l
452 3335 609 3422 ηὑρῆσθαι
642 3339 673 3401 dc*
695 3335 887 3420 ἡγησάμενος
910 3387 917 3400 .
943 3387 949 3399 .
974 3387 980 3400 .
1005 3387 1011 3400 .
1046 3337 1087 3414 ὡς
1109 3341 1225 3402 παλαιὰ
1248 3335 1333 3418 εἶναι,

259 3439 476 3526 ἀποχρώντωςε
505 3442 567 3507 nisi
583 3442 781 3528 Thucydides
805 3465 842 3508 ea
863 3443 1063 3508 excusatione
1085 3444 1132 3509 uti
1153 3450 1261 3529 posset
1283 3469 1333 3510 res

259 3551 402 3612 narratas
435 3546 532 3631 longo
553 3547 705 3631 temporis
728 3547 831 3630 spatio
864 3569 961 3610 asna
989 3551 1090 3611 aetate
1121 3569 1188 3612 esse
1211 3549 1334 3627 divisas,

257 3672 307 3714 res
323 3654 467 3714 narratae
483 3670 546 3712 non
562 3649 637 3713 satis
660 3654 749 3714 erant
764 3650 952 3733 exploratae.
997 3649 1142 3714 Alterum
1157 3651 1334 3734 exemplum

255 3751 373 3836 legitur
394 3749 448 3829 IV,
471 3752 512 3815 36
535 3749 554 3835 5
577 3753 612 3816 3:
641 3751 810 3833 γιγνόμενοι
834 3749 1037 3836 1111ῷαῦτῷ
1059 3749 1270 3832 ξυμπτώματι,
1294 3751 1334 3826 ὡς

343 3939 362 4006 ¹)
373 3937 462 3990 Habet
474 3939 613 4006 praeterea
623 3937 775 3994 Herodotus
790 3939 840 3992 has
848 3937 997 3992 locutiones
1008 3941 1079 4007 apud
1089 3939 1271 4008 Thucydidem
1281 3957 1332 3995 non

256 4025 406 4079 exstantes:
434 4019 469 4078 ὡς
488 4021 560 4093 λόγῳ
579 4024 662 4074 εἰπεῖν
679 4023 724 4077 vel
742 4020 778 4078 ὡς
796 4024 881 4075 εἰπεῖν
898 4021 969 4093 λόγῳ
993 4024 1028 4092 Π,
1049 4026 1088 4078 15.
1110 4025 1150 4078 53.
1181 4025 1273 4092 1116.
1297 4023 1332 4082 u‘rc

257 4106 377 4176 δηλῶσαι
393 4109 429 4177 H,
440 4109 480 4162 24.
499 4109 535 4178 Π,
546 4109 586 4163 25.
598 4107 634 4164 ὡς
649 4109 755 4162 εἰκάσαι
763 4110 785 4176 I,
796 4111 837 4164 34.
862 4109 909 4178 lX,
920 4111 960 4162 34.
976 4109 1012 4164 ὡς
1029 4107 1056 4161 δὲ
1072 4110 1214 4162 ἐπεικάσαι
1230 4111 1280 4181 IX,
1291 4113 1330 4166 32.

256 4193 292 4251 ὡς
310 4197 360 4266 (γε)
378 4195 446 4246 εἶναι
464 4195 499 4262 Π,
519 4196 558 4250 10.
585 4195 633 4262 IV,
644 4195 685 4250 99.
720 4195 816 4250 Tribus
834 4195 964 4264 exemplis
977 4196 1148 4250 accusativus
1163 4200 1211 4266 ἐμὲ
1219 4197 1333 4251 subiecti

256 4281 316 4335 vice
334 4281 468 4351 fungitur:
494 4280 529 4348 11,
549 4281 589 4334 28.
612 4280 648 4350 II,
669 4281 725 4337 125.
751 4281 812 4350 VH,
832 4281 872 4336 24.
