3114 5002
718 407 847 470 83·

312 591 565 676 Inflnitlvus
592 591 691 694 post
716 601 801 690 πρίν
827 593 1107 692 particulam.
1119 599 1142 681 1)

347 750 430 827 560.
473 750 525 813 De
547 771 641 813 voce
665 747 756 828 πρίν
778 747 819 810 in
840 747 1125 834 universum.²)

283 868 413 932 Praeter
443 869 513 950 πρίν
542 868 728 952 panticulam
757 865 955 950 Thucydides
985 869 1081 933 etiam
1112 867 1270 933 locutione

196 967 398 1052 πρότερον-ἥ
419 971 527 1050 utitur,
550 979 586 1035 ut
607 972 639 1035 id
661 971 811 1055 temporis
834 973 1028 1034 momentum
1051 972 1175 1050 indicet,
1199 977 1271 1036 ante

198 1073 284 1156 quod
306 1073 424 1158 aliquid
445 1073 565 1138 factum
586 1078 640 1138 est.

284 1175 444 1240 Particula
475 1177 547 1259 πρίν
578 1177 781 1243 indicativum
820 1176 904 1260 apud
937 1175 1155 1260 Thucydidem
1186 1177 1271 1262 regii

199 1277 374 1358 duodecies,
386 1279 618 1344 coniunctivum
630 1281 783 1359 undecies,
800 1280 976 1365 optativum
988 1280 1067 1358 bis*‚
1082 1280 1272 1344 infinitivum

199 1381 342 1464 sexagies
364 1383 472 1447 sexies.
494 1380 689 1466 πρότερον-ἤ
707 1384 805 1447 habet
819 1381 1021 1447 indicativum
1044 1383 1103 1461 bis,
1126 1383 1270 1447 coniunc-

198 1483 298 1547 tixum
327 1486 439 1564 semel,
469 1485 657 1550 infinitivum
687 1490 805 1569 quater.
848 1485 886 1549 In
908 1487 1020 1550 harum
1047 1485 1273 1570 particularum

198 1609 258 1650 usu
286 1587 395 1669 paucis
423 1594 547 1653 tantum
577 1589 727 1672 exemplis
758 1587 957 1671 Thucydides
994 1611 1012 1652 a
1050 1593 1135 1652 certa
1162 1587 1274 1672 regula

199 1690 371 1767 aberravit,
399 1692 437 1755 de
467 1691 581 1774 quibus
610 1691 797 1776 singillatim
825 1691 953 1756 uberius
974 1691 1102 1755 dicetur.
1148 1690 1184 1755 In
1206 1690 1274 1754 uni·

198 1813 323 1856 versum
358 1793 441 1858 idem
474 1794 535 1858 dici
568 1797 685 1877 potest,
722 1794 806 1877 quod
840 1794 877 1858 de
911 1793 1074 1858 Herodoto
1111 1798 1143 1858 et
1173 1792 1275 1876 poetis

198 1895 347 1981 tragicis,
377 1902 450 1980 post
477 1897 724 1962 enuntiationem
753 1896 935 1979 primariam
959 1897 1181 1961 affirmativam
1203 1917 1274 1978 par·

198 1998 328 2062 ticulam
354 1999 525 2077 infinitivo,
552 2003 625 2083 post
647 1999 828 2084 negativam
850 2000 947 2063 verbo
974 1999 1063 2064 finito
1092 2000 1146 2064 uti.
1190 1998 1276 2062 Inter

199 2101 425 2187 sexagintasex
436 2103 519 2166 enim
531 2103 674 2185 exempla
683 2102 873 2166 infinitivum
881 2103 1065 2186 praebentia
1076 2103 1138 2166 duo
1152 2106 1275 2166 tantum

200 2205 447 2270 enuntiationem
477 2229 549 2270 vere
577 2205 757 2290 negativam
791 2209 978 2288 sequuntur,
1003 2205 1175 2270 indicativo
1205 2227 1275 2288 par·

199 2307 297 2372 ticula
317 2309 416 2374 sexies
441 2314 513 2393 post
536 2308 756 2386 affirmativas,
778 2308 874 2372 toties
897 2313 970 2391 post
992 2308 1157 2393 negativas
1180 2330 1276 2372 enun-

199 2411 347 2475 tiationes
367 2413 498 2477 utitur:
535 2411 751 2476 coniunctivae
788 2416 820 2476 et
853 2411 1012 2494 optativus
1050 2433 1173 2495 semper
1205 2413 1278 2494 post

199 2513 429 2580 enuntiationes
459 2515 624 2600 negativas
656 2515 864 2579 inveniuntur.
908 2514 997 2578 Idem
1019 2515 1104 2578 valet
1133 2514 1171 2577 de
1201 2510 1278 2596 πρό-

290 2773 316 2839 1)
334 2770 504 2838 Sciipserunt
534 2768 567 2820 de
590 2757 672 2820 huius
701 2765 847 2834 paiticulae
872 2783 925 2820 usu
948 2766 1119 2835 Thucydideo
1143 2765 1273 2818 Sturm:

205 2857 447 2926 „Constmotiouen
464 2854 513 2906 mit
531 2858 596 2922 πρίν
603 2855 626 2920 “,
650 2851 795 2921 „Beitrtge
814 2852 838 2904 d.
857 2851 918 2905 hist.
933 2851 1036 2920 Syntax
1050 2853 1074 2904 d.
1091 2851 1276 2921 gnechISchen

204 2942 351 3011 Sprache“‚
371 2937 622 3008 Wiirzbuxg1882‚
640 2937 705 2991 Heit
722 2937 777 3004 ΙΠ,
797 2938 823 2989 et
840 2935 996 3006 Wagner:
1016 2937 1048 2989 de
1067 2953 1120 2991 usu
1132 2935 1278 3004 particulae

204 3033 271 3098 πρίν
286 3027 458 3096 Thucydideo
476 3027 503 3078 et
520 3023 727 3091 Xenophonteo,
746 3021 816 3075 Dies.
836 3021 959 3076 Rostook.
989 3021 1064 3076 1879.

290 3114 316 3182 2)
335 3113 485 3168 Herodotus
511 3113 617 3179 praeter
641 3113 707 3177 πρίν
732 3107 890 3175 perticulam
915 3107 996 3160 etiam
1020 3106 1154 3164 locutione
1178 3107 1280 3176 πρίν-ἤ

205 3200 303 3253 utitur:
333 3199 404 3269 quod
432 3213 594 3266 quamquam
624 3195 696 3262 apud
725 3194 908 3262 Thucydidem
930 3192 1066 3246 invenitur
1089 3193 1122 3262 V,
1141 3194 1173 3248 61
1193 3194 1238 3261 §1
1265 3208 1281 3244 a

206 3286 343 3340 codicibus
361 3285 518 3352 exhibitum,
537 3285 627 3337 temen
645 3283 718 3334 recte
737 3281 769 3334 ab
787 3280 933 3334 editoribus
946 3278 962 3344 ἥ
975 3278 1107 3347 particula
1124 3280 1166 3331 est
1183 3277 1281 3332 omissa

207 3371 263 3438 (cfr.
288 3388 312 3439 p.
331 3370 383 3437 84).
425 3375 491 3438 πρίν
514 3371 583 3438 apud
607 3368 773 3422 Herodotum
800 3367 882 3419 habet
905 3363 1067 3417 infinitivum
1091 3363 1179 3416 decies
1203 3363 1280 3431 quin·

206 3457 291 3525 quies,
309 3461 375 3524 πρὶν
392 3455 408 3520 ἥ
426 3456 508 3510 vicies
526 3456 623 3522 sexies,
642 3453 788 3523 πρότερον(
808 3449 858 3520 )-ἥ
877 3449 965 3518 (ἢπερ)
984 3449 1088 3517 septies.
1118 3453 1184 3516 πρίν
1201 3449 1282 3502 habet

206 3542 381 3596 indicativum
400 3542 504 3609 nonies,
530 3539 729 3595 coniuncfivum
756 3538 838 3591 vicies
862 3535 1010 3604 quinquies.
1046 3535 1087 3587 Ex
1106 3534 1282 3604 quadiaginta

207 3630 266 3682 octo
284 3627 427 3696 exemplis,
446 3628 493 3682 ubi
511 3632 576 3695 πρίν
594 3624 725 3694 particula
743 3640 805 3677 cum
823 3620 953 3674 infinitivo
972 3619 1157 3689 contumax,
1176 3621 1282 3676 tantum

208 3714 352 3780 hiesum,
371 3712 513 3780 inquibus
532 3710 677 3764 enuntiatio
702 3708 826 3776 piimaria
844 3709 884 3760 est
907 3705 1031 3775 negativa
1049 3705 1099 3774 (ΙΙ,
1120 3707 1150 3758 11
1170 3711 1283 3762 nonest

208 3815 273 3853 vera
300 3799 439 3867 exceptio).
489 3797 602 3850 Duobus
632 3795 761 3863 exemplis
791 3793 827 3861 (Ι,
848 3793 896 3846 165
927 3793 954 3844 et
983 3791 1031 3857 IV,
1049 3791 1076 3860 9)
1105 3790 1282 3845 Heilmannus

208 3886 281 3938 recte
309 3883 470 3937 infinitivum
496 3883 523 3935 in
552 3879 751 3935 coniunctivum
779 3881 897 3932 mutasse
927 3877 994 3929 mihi
1022 3875 1142 3929 videtur:
1173 3877 1283 3930 tertium

210 3969 247 4037 (Ι,
266 3972 309 4036 71)
333 3969 521 4040 Interpolmum
546 3981 605 4020 esse
630 3967 706 4033 putat
733 3967 766 4034 (p.
786 3965 820 4018 55
838 3965 865 4016 et
886 3963 940 4028 56).
982 3961 1012 4015 In
1038 3961 1135 4016 ceteris
1160 3962 1283 4015 omnibus

211 4055 341 4144 expmplis
362 4054 507 4108 enuntiatio
525 4052 651 4121 priman'a
669 4053 711 4104 est
729 4049 896 4104 affixmativa.

296 4141 431 4196 Particula
457 4145 522 4208 πρίν
549 4138 707 4206 plerumque
739 4153 801 4190 cum
828 4133 958 4188 infinitivo
986 4131 1076 4186 amisti
1105 4132 1283 4201 coniungimn

212 4227 295 4282 semel
318 4243 380 4280 oum
402 4226 531 4280 infinifivo
557 4222 668 4293 perfecti
688 4221 753 4289 (ΠΙ,
772 4221 829 4288 25),
854 4222 949 4288 quater
974 4235 1035 4272 cum
1059 4215 1189 4270 infinitivo
1207 4233 1283 4285 prae-

212 4311 375 4382 sentisffl,
394 4313 451 4366 116.
486 4311 554 4379 yn,
574 4309 631 4363 228.
668 4307 792 4376 VIH,3.
827 4305 908 4374 vm,
929 4305 996 4372 144).

1094 4387 1132 4444 6*
