3114 5002
693 373 733 436 87

178 543 409 620 membrorum,
439 566 519 628 quae
541 544 618 608 setis
640 547 687 608 est
709 546 865 622 contorte,
895 548 981 608 recte
1007 544 1184 628 digerentes
1205 544 1252 609 ita

179 646 387 730 explicamus:
412 643 475 708 οὐδ’
497 642 535 706 ἂν
550 642 832 724 διαβουλεύσασθαι
856 643 898 706 ἔτι
922 643 989 730 ἔφη,
1012 643 1092 720 ὅπως
1115 643 1153 708 ἂν
1174 643 1251 730 πρό-

179 771 267 830 τερον
288 748 437 828 κινηθείη,
458 748 527 828 πρὶν
541 755 650 826 μεῖναι.
688 748 737 814 lta
750 753 936 814 construunt
950 750 1046 814 etiam
1060 750 1251 836 Kruegerus,

179 851 403 928 Heilmannus,
432 850 602 934 denique
593 873 620 914 1s
650 852 762 934 quit
726 849 856 916 Sturmii
886 853 1182 918 commentationem
1202 875 1251 918 re·

179 954 309 1018 censuit
322 953 345 1036 l)
389 953 510 1018 Deinde
533 954 611 1017 duos
640 954 730 1018 affert
753 953 934 1038 Wagnerus
955 955 1057 1032 locos,
1081 955 1135 1039 qui
1156 977 1251 1122 ne3ga·

178 1057 300 1122 tionem
331 1057 483 1122 heberent
469 1056 602 1120 tebdit
588 1060 667 1136 t‚am
697 1056 744 1134 Π
767 1057 1250 1140 5353tetV11‚28§3.²)

177 1157 372 1243 Legit,urll
396 1156 527 1239 53§3:
558 1156 671 1238 ἄδηλον
693 1158 871 1238 νομίζοιν’
846 1182 868 1222 ει
893 1161 962 1242 πρὶν
984 1160 1028 1220 ἐπ’
1052 1157 1128 1222 αὐτὸ
1149 1160 1250 1222 ἐλθεῖν

178 1259 439 1344 διαφθαρήσεται.
476 1262 595 1346 Aperte
618 1286 658 1327 au
659 1266 723 1326 tem
746 1261 901 1326 sententia
923 1285 942 1325 a
963 1262 1033 1345 πρίν
1052 1264 1190 1346 pendens
1212 1264 1252 1328 ad

178 1360 430 1448 διαφθαρήσεται
461 1369 508 1428 est
536 1363 699 1430 referende
725 1369 756 1428 et
778 1387 896 1430 merem
917 1367 1067 1449 temporis
1089 1365 1251 1432 notionem

173 1467 332 1544 continet,
365 1489 445 1550 quae
475 1489 574 1550 paene
606 1468 639 1530 in
672 1469 806 1532 formam
840 1468 1030 1534 definitionis
1064 1468 1252 1534 adverbiuis

177 1570 318 1648 transiit,
347 1570 392 1634 ite
420 1574 456 1634 ut
485 1571 657 1636 infinitivus
688 1593 779 1636 suum
808 1569 950 1634 obtineat
978 1572 1090 1636 locum.
1135 1571 1251 1636 Contra

178 1674 314 1740 altemm
343 1674 520 1757 exemplum
550 1672 626 1752 Vll,
650 1675 690 1738 28
713 1671 766 1754 §3
787 1673 913 1738 unicum
940 1679 1003 1752 est,
1035 1675 1090 1738 ubi
1119 1696 1177 1758 pro
1204 1674 1250 1740 in·

178 1775 300 1840 finitive
322 1776 453 1840 verbum
481 1776 605 1840 finitum
627 1776 765 1860 positum
794 1797 860 1840 esse
889 1777 996 1841 velim:
1022 1776 1051 1849 ἐς
1080 1776 1252 1859 φιλονικίαν

178 1876 380 1940 καθέστασαν
412 1876 558 1958 τοιαύτην
591 1875 628 1958 ἢν
656 1879 727 1960 πρὶν
755 1874 915 1957 γενέσθαι,
945 1876 1112 1959 ἠπίστησεν
1141 1877 1179 1940 ἄν
1204 1902 1251 1952 τις

178 1979 322 2054 ἀκούσας.
368 1981 547 2066 Wagnerus
569 1981 760 2046 infinitivum
781 1981 826 2043 ite
846 1981 993 2064 explicat,
1017 1988 1053 2046 ut
1074 2005 1145 2048 eum
1165 2005 1249 2046 com·

177 2090 269 2169 paret
306 2107 376 2148 cum
411 2085 442 2164 Ι,
465 2087 506 2150 39
529 2084 582 2166 §2
612 2089 644 2147 et
673 2083 703 2161 Ι,
726 2084 767 2146 68
790 2081 852 2164 §2
903 2083 966 2149 Sed
994 2085 1071 2150 haec
1108 2085 1251 2168 exempla

177 2187 308 2252 omnino
331 2188 466 2254 conferri
488 2211 550 2252 non
565 2191 705 2271 possunt,
727 2187 812 2268 quod
834 2209 961 2269 prorsus
984 2193 1057 2252 sunt
1079 2187 1250 2254 dissimilia

177 2290 248 2356 illic
278 2291 361 2355 enim
390 2291 470 2356 nihil
498 2291 560 2356 nisi
580 2311 668 2353 mere
689 2289 840 2371 temporis
863 2289 1003 2356 definitio
1026 2290 1169 2367 offertum
1199 2291 1251 2356 hic

177 2416 228 2458 res
257 2416 328 2458 vere
355 2395 440 2458 facte
462 2393 660 2478 exprimitur,
691 2413 772 2474 quae
801 2413 871 2456 meo
893 2393 1019 2476 quidem
1040 2393 1156 2458 iudicio
1178 2398 1251 2476 post

177 2496 362 2581 negativum
390 2497 520 2560 verbum
550 2493 687 2556 ἀπιστεῖν
712 2494 916 2560 indicativum
937 2497 1126 2580 requirebat.
1170 2496 1251 2562 Mihi

176 2622 272 2664 cause
286 2599 432 2664 infinitivi
450 2600 522 2664 inde
537 2598 707 2683 repetenda
723 2597 847 2662 videtur
868 2621 944 2675 erse,
966 2600 1052 2682 quod
1066 2603 1136 2662 tota
1152 2622 1248 2664 enun-

176 2702 318 2768 tiationis
349 2725 471 2766 summe
498 2707 601 2768 mente
631 2705 678 2765 est
705 2700 846 2784 cogitate
873 2705 904 2766 et
926 2701 1056 2766 verbum
1078 2723 1191 2786 regens
1218 2700 1251 2766 in

176 2805 299 2889 protasi
320 2804 440 2870 irreelis
472 2828 552 2890 quae
576 2805 689 2868 dicitur
713 2802 935 2868 enuntiationis
956 2803 1178 2888 hypotheticae
1203 2802 1250 2866 in·

176 2909 311 2972 venitur.
354 2907 501 2972 Fortasse
524 2907 609 2972 alind
633 2929 756 2991 quoque
780 2906 820 2968 ad
840 2905 987 2970 infinitivi
1010 2905 1251 2990 explicationem

177 3011 283 3076 afferri
311 3015 368 3095 pot
369 3015 423 3076 est
474 3009 654 3096 Wagnerus
681 3031 750 3074 eam
773 3007 965 3092 Thucydidis
994 3013 1124 3074 consuet
1109 3008 1251 3074 tudinem

176 3112 769 3198 commemorat‚11tpropronomine
792 3112 935 3176 demonst
921 3111 1038 3176 trativo
1060 3134 1130 3176 cum
1152 3111 1250 3195 purti-

177 3217 249 3282 cula
280 3216 346 3292 καί,
380 3240 443 3300 que
471 3216 645 3282 enuntiatio
676 3238 694 3280 a
725 3215 794 3296 πρίν
824 3215 961 3298 pendens
996 3214 1250 3280 antecedentibus

176 3317 355 3384 aduectitm
362 3319 487 3396 relat
464 3324 564 3384 tivum
594 3322 743 3401 sequente
773 3318 842 3400 πρίν
864 3317 1018 3401 porticula
1040 3323 1189 3402 ponatur,
1216 3321 1252 3380 ut

176 3422 224 3500 H,
247 3422 289 3485 53
312 3419 416 3502 §3
396 3447 433 3502 ην
461 3423 530 3504 πρὶν
555 3422 693 3501 ἐμπεσεῖν
721 3443 779 3504 pro
801 3421 850 3480 nel
873 3421 943 3502 πρὶν
965 3418 1081 3500 ταύτην
1103 3421 1250 3498 ἐμπεσεῖν.

176 3523 293 3590 Nescio
327 3546 366 3588 an
398 3523 597 3610 Thucydides
628 3528 738 3588 nostro
767 3524 853 3600 loce,
887 3521 990 3588 ubi‘'
973 3549 1009 3604 ην
1037 3524 1078 3590 ed
1107 3519 1253 3602 τοιαύτην

175 3627 376 3692 referendum
398 3629 437 3692 ab
461 3625 594 3699 ἀκούσας
617 3624 764 3708 ἡπίστησε
787 3627 914 3710 pendet,
944 3629 1003 3692 hec
1024 3649 1082 3692 sna
1102 3625 1253 3711 loquendi

176 3729 402 3795 consuetudine
436 3734 597 3814 permotus
627 3730 684 3807 sit,
719 3734 754 3794 nt
783 3729 960 3794 accusativo
996 3751 1067 3796 cum
1096 3729 1251 3794 infinitivo

176 3837 332 3917 pergeret,
352 3833 537 3916 praesertim
560 3855 631 3898 cum
654 3856 691 3896 ex
715 3829 751 3912 ἣν
767 3831 942 3896 subiectum
965 3829 1043 3914 αὐτη
1067 3832 1253 3898 adverbum

178 3935 341 4016 γίγνεσθαι
364 3941 446 4000 esset
468 3935 685 4020 supplendum.

182 4050 387 4060 .-——-——

267 4089 292 4156 1)
312 4087 461 4155 „Zeitschn
481 4087 497 4139 f.
518 4089 611 4141 osterr.
631 4087 743 4155 Gymn.“
779 4085 907 4154 XXXIV,
925 4103 951 4153 p.
966 4085 1024 4140 273.

267 4173 294 4240 2)
312 4173 352 4226 De
370 4173 412 4225 his
430 4172 565 4226 Sturmins
583 4171 649 4224 nihil
669 4172 744 4235 dicit,
764 4187 926 4240 quemqnam
943 4171 1009 4240 VII,
1029 4172 1063 4226 28
1080 4171 1124 4240 §3
1141 4184 1196 4223 une
1213 4171 1255 4222 est

179 4275 246 4316 vere
264 4259 395 4326 exceptio.
