3114 5002
698 424 757 487 105

189 591 392 675 sequentibus
420 589 496 652 ὥστε
519 592 730 675 διεφθείροντο
757 593 866 653 πολλοί
892 594 1036 658 efficeret.
1081 595 1130 659 Ex
1153 597 1263 660 eodem

189 695 267 758 vitio
289 694 415 759 laborat
437 695 591 777 Goetzii1)
615 696 806 773 coniectura,
830 697 884 779 qui
906 695 1073 761 lectionem
1093 699 1264 782 genuinam

190 797 236 860 ita
268 797 493 862 restituendam
527 821 594 863 esse
621 803 726 883 putat,
759 804 795 863 ut
825 799 941 862 scribat
970 821 1027 882 pro
1055 804 1110 860 τοῦ
1143 804 1265 865 mutata

191 899 397 965 collocatione
425 902 590 966 verborum
620 899 696 962 ὥστε
720 904 765 984 τῷ
791 899 835 982 μὴ
863 900 1016 984 ἐκφεύγειν
1038 903 1262 984 διεφθείροντο.

191 1001 364 1067 Schoenius
393 1005 487 1068 scribi
516 1005 584 1068 vult
612 993 647 1064 ot
676 993 713 1084 ἦν
735 1001 886 1086 ἐκφεύγειν
915 1005 991 1087 („da
1014 1006 1063 1070 die
1084 1004 1263 1090 Verfolger‚

192 1106 243 1169 die
275 1107 321 1170 sie
352 1107 476 1184 hatten,
511 1130 542 1170 es
575 1111 726 1184 wusstem
760 1130 808 1170 wo
843 1131 915 1171 man
950 1108 1117 1172 entfliehen
1146 1109 1264 1172 konnte

193 1247 227 1254 -
263 1210 327 1273 und
356 1210 502 1274 desshalb
538 1210 600 1273 auf.
622 1211 705 1274 diese
735 1211 854 1275 Puncte
883 1211 1053 1276 besonders
1088 1210 1157 1274 ihre
1188 1209 1265 1274 Auf-

193 1313 420 1376 merksamkeit
445 1313 600 1376 richteten
625 1313 704 1395 —.“)
736 1312 798 1377 Sed
827 1337 1017 1398 quamquam
1049 1335 1111 1376 non
1144 1313 1265 1398 ignom,

192 1415 226 1478 in
248 1415 549 1500 interrogationibus
573 1416 710 1500 obliquis
739 1417 925 1499 pronomina
947 1417 1078 1482 relativa
1101 1438 1119 1478 a
1142 1414 1266 1498 Thucy-

194 1517 266 1581 dide
296 1541 362 1582 esse
385 1519 576 1602 adhibital),
605 1524 641 1583 ut
663 1518 720 1596 VI,
743 1520 782 1582 91
808 1518 826 1600 ἕ
845 1521 870 1582 1.
913 1518 986 1596 Vll,
1011 1519 1048 1582 77
1074 1517 1138 1599 52,
1161 1522 1266 1582 tamen

193 1621 401 1686 mutationem
423 1623 550 1687 omnino
573 1622 707 1706 probare
728 1645 791 1686 non
813 1643 949 1705 possum.

279 1723 360 1788 Mihi
371 1724 510 1788 Classeni
522 1724 688 1807 explicatio
700 1725 819 1807 optima
830 1725 953 1788 videtur
965 1746 1040 1788 esse.
1072 1723 1266 1787 Infinitivum

195 1831 253 1887 τοῦ
280 1825 324 1907 μὴ
355 1825 506 1910 ἐκφεύγειν
542 1829 581 1890 ad
612 1826 779 1890 Thebanos
809 1849 876 1891 esse
905 1827 1103 1891 referendum
1133 1825 1264 1909 simplex

195 1929 277 1993 ratio
307 1930 404 1996 docet.
456 1930 524 2006 Quo
552 1929 645 1994 modo
677 1930 716 1992 ad
738 1926 905 2000 διώκοντας
927 1929 1027 2012 possit
1048 1929 1174 2006 referri,
1202 1951 1266 1992 non
1329 1978 1330 1981 ,

195 2032 302 2096 video:
330 2057 403 2098 nam
433 2039 468 2100 ut
499 2033 569 2117 quis
599 2033 666 2115 ipsc
696 2054 759 2096 non
789 2033 935 2116 effirgiat,
968 2032 1123 2096 mehercle
1153 2053 1269 2116 magna

195 2135 336 2200 locorum
358 2138 472 2220 peritia
495 2157 645 2202 essenon
669 2135 769 2199 debet.
813 2135 995 2199 Subiectum
1018 2135 1058 2198 ad
1081 2133 1269 2197 infinitivum

196 2238 306 2302 eodem
322 2241 416 2304 modo
437 2263 500 2304 non
523 2244 570 2303 cst
586 2238 735 2314 additum,
759 2261 821 2321 quo
845 2238 885 2301 ad
901 2236 1044 2320 exempla
1066 2237 1141 2318 §78
1165 2235 1269 2312 allata,

197 2341 289 2424 quiae
312 2343 536 2407 sententiarum
558 2364 640 2405 nexu
663 2341 813 2406 elucebat.

283 2444 390 2528 Longe
420 2445 511 2510 aliter
539 2449 737 2528 comparatus
760 2449 807 2509 est
829 2445 908 2508 alter
939 2442 993 2526 qui
1016 2442 1068 2506 hic
1096 2440 1271 2506 afferendus

198 2552 246 2612 cst
274 2547 362 2611 locus
384 2547 439 2625 IV,
463 2549 504 2610 34
525 2547 575 2630 §1
607 2551 647 2629 τῇ
675 2571 706 2608 τε
738 2545 807 2626 ὄψει
839 2551 894 2607 τοῦ
916 2549 1045 2626 θαρσεῖν
1071 2542 1107 2605 τὸ
1131 2547 1272 2604 πλεῖστον

200 2646 365 2732 εἰληφότες.

222 2853 304 2936 ξ81.
338 2854 587 2920 Infinitivus
609 2877 695 2918 cum
718 2853 900 2918 articulo
922 2851 1073 2934 pendet
1096 2874 1114 2914 a
1135 2871 1252 2932 prae-¹

586 2957 880 3042 positionibus.

287 3092 397 3159 Graeci
429 3117 578 3178 persaepe
612 3117 669 3178 pro
704 3090 971 3158 enuntiationibus
1001 3087 1193 3154 secundariis
1227 3087 1276 3151 vel

200 3197 428 3279 temporalibus
448 3199 497 3263 vel
513 3198 690 3262 causalibus
712 3196 762 3260 vel
785 3195 864 3259 alius
887 3192 1019 3278 generis,
1042 3215 1106 3275 quo
1128 3190 1276 3274 periodus

201 3298 373 3382 simplicius
395 3302 621 3377 conformetur,
644 3297 930 3384 praepositionibus
953 3299 1097 3372 utuntur,
1120 3293 1274 3376 aquibus

200 3401 373 3467 infinitivus
395 3427 465 3468 cum
489 3405 621 3467 articulo
643 3403 826 3466 coniunctus
841 3400 961 3476 pendet.
997 3397 1105 3481 Atque
1128 3396 1178 3460 hic
1200 3417 1275 3460 usus

202 3507 286 3588 apud
314 3505 545 3590 Thucydidem,
573 3506 627 3589 qui
655 3506 749 3568 breve
779 3509 810 3567 et
835 3503 1019 3584 abruptum,
1042 3505 1077 3564 ut
1098 3499 1143 3563 ita
1167 3499 1277 3575 dicam,

202 3630 301 3692 genus
328 3609 477 3693 loquendi
506 3609 659 3692 sequitur,
688 3605 960 3690 frequentissimus
991 3608 1045 3667 est.
1095 3599 1170 3665 Non
1198 3623 1277 3684 opus

202 3712 326 3776 videtur
354 3735 493 3788 monere,
525 3711 631 3774 omnia
662 3707 884 3774 enuntiationis
908 3705 1109 3770 secundariae
1136 3704 1279 3768 membra

203 3839 272 3880 eam
292 3816 436 3900 regulam
458 3815 555 3897 sequi,
578 3817 727 3897 quaeest
749 3813 787 3875 de
810 3810 905 3873 verbo
927 3807 1016 3871 finito
1040 3808 1072 3894 in
1089 3811 1279 3870 structuram

201 3918 350 3982 infinitivi
372 3921 501 3982 mutato.

291 4143 316 4208 1)
334 4141 374 4194 De
402 4137 518 4209 genetivi
545 4153 598 4190 usu
622 4135 807 4203 Thucydideo,
832 4133 903 4186 Diss.
927 4130 1036 4184 Hulens.
1079 4127 1158 4192 1883,
1185 4125 1280 4179 ultima

203 4244 316 4384 pagini)
334 4313 506 4378 Hartung:
526 4308 617 4378 „iiber
634 4307 676 4360 die
696 4306 779 4360 Casus
787 4307 803 4332 “
823 4306 872 4358 ete.
891 4320 915 4370 p.
934 4301 991 4356 290.
